% @misc{,
% url={},
% urldate={2016-10-11},
% author={},
% journal={},
% title={},
% year={}
% }

@book{Poe2008,
url={http://www.gutenberg.org/ebooks/author/481},
urldate={2016-10-15},
author={Poe, Edgar Allan},
editor={Widgerm, David and Traverso, Carlo},
publisher={Project Gutenberg},
title={The Works of Edgar Allan Poe, Volumes 1-5},
year={2008}
}
@book{Bergerac2014,
url={http://www.gutenberg.org/files/46547/46547-h/46547-h.htm},
urldate={2016-10-15},
author={de Bergerac, Cyrano},
editor={D'Hooghe, Marc},
translator={Lovell, Archibald},
publisher={Project Gutenberg},
title={A Voyage to the Moon},
year={2014}
}
@book{Luke2005,
url={http://ebible.org/asv/Luke.htm},
urldate={2016-10-15},
author={Saint Luke},
publisher={Ebible.org},
title={The Gospel According to St. Luke},
year=2005
}
@book{Bloy2011,
url={http://www.gutenberg.org/cache/epub/35568/pg35568-images.html},
urldate={2016-10-15},
author={Bloy, L{\'e}on},
editor={},
translator={},
publisher={Project Gutenberg},
title={Le D{\'e}sesp{\'e}r{\'e}},
year={2011}
}
@book{Coleridge2013,
url={http://www.gutenberg.org/files/151/151-h/151-h.htm},
urldate={2016-10-15},
author={Coleridge, Samuel Taylor},
editor={},
translator={},
publisher={Project Gutenberg},
title={The Rime of the Ancient Mariner},
year={2013}
}
@book{Darien2005,
url={http://www.gutenberg.org/cache/epub/15297/pg15297-images.html},
urldate={2016-10-15},
author={Darien, George},
editor={},
translator={},
publisher={Project Gutenberg},
title={Le voleur},
year={2005}
}
@book{Desbordes2004,
url={http://www.gutenberg.org/files/14258/14258-h/14258-h.htm},
urldate={2016-10-15},
author={Desbordes-Valmore, Marceline},
editor={},
translator={},
publisher={Project Gutenberg},
title={Le Livre des M{\`e}res et des Enfants},
year={2004}
}
@book{Elskamp1898,
url={https://fr.wikisource.org/wiki/Enluminures_(Elskamp)},
urldate={2016-10-15},
author={Elskamp, Max},
editor={Lacomblez, Paul},
translator={},
publisher={Wikisource},
title={Enluminures},
year={1898}
}
@book{Florian2012,
url={http://www.theatre-classique.fr/pages/txt/FLORIAN_DEUXBILLETS.txt},
urldate={2016-10-15},
author={de Florian, Jean Pierre Claris},
editor={Fiervre, Paul},
translator={},
publisher={Th{\'e}{\^a}tre Classique},
title={Les deux billets},
year={2012}
}
@book{Lang2008,
url={http://www.gutenberg.org/files/128/128-h/128-h.htm},
urldate={2016-10-15},
author={},
editor={Lang, Andrew},
translator={},
publisher={Project Gutenberg},
title={The Arabian Nights Entertainments},
year={2008}
}
@book{Grabbe1995,
url={http://gutenberg.spiegel.de/buch/scherz-satire-ironie-und-tiefere-bedeutung-3514/1},
urldate={2016-10-15},
author={Grabbe, Christian Dietrich},
editor={},
translator={},
publisher={Gutenberg DE Spiegel},
title={Scherz, Satire, Ironie und tiefere Bedeutung},
year={1995}
}
@book{Kahn2016,
url={https://archive.org/stream/lecontredeloretd00khanuoft/lecontredeloretd00khanuoft_djvu.txt},
urldate={2016-10-15},
author={Kahn, Gustave},
editor={},
translator={},
publisher={Archive.org},
title={Le contre de l'or er du silence},
year={}
}
@book{Lautreamont2011,
url={http://www.gutenberg.org/files/12005/12005-h/12005-h.htm},
urldate={2016-10-15},
author={Lautreamont, Comte de},
editor={},
translator={},
publisher={Project Gutenberg},
title={Les Chants de Maldoror},
year={2011}
}
@book{Maeterlinck1918,
url={https://archive.org/stream/aglavaineandsel01sutrgoog/aglavaineandsel01sutrgoog_djvu.txt},
urldate={2016-10-15},
author={Maeterlinck, Maurice},
editor={},
translator={Sutro, Alfred},
publisher={Archive.org},
title={Aglavaine and Selysette },
year={1918}
}
@book{Mallarme2003,
url={http://www.gutenberg.org/cache/epub/4688/pg4688-images.html},
urldate={2016-10-15},
author={Mallarm{\'e}, St{\'e}phane},
editor={},
translator={},
publisher={Project Gutenberg},
title={Pages},
year={2003}
}
@book{Mendes1910,
url={http://www.gutenberg.org/cache/epub/10577/pg10577-images.html},
urldate={2016-10-15},
author={Mend{\`e}s, Catulle},
editor={Reynolds, Fancis J.},
translator={},
publisher={Project Gutenberg},
title={The Mirror},
year={1910}
}
@book{Mendes2013,
url={http://www.iesxunqueira1.com/mendes/pdf/divina_aventura.pdf},
urldate={2016-10-15},
author={Mend{\`e}s, Catulle},
editor={Dentu, E},
translator={},
publisher={},
title={},
year={2013}
}
@book{Homer1999,
url={http://www.gutenberg.org/files/1727/1727-h/1727-h.htm},
urldate={2016-10-15},
author={Homer},
editor={},
translator={Butler, Samuel},
publisher={Project Gutenberg},
title={The Odyssey},
year={1999}
}
@book{Rabelais2004,
url={http://www.gutenberg.org/files/1200/1200-h/1200-h.htm},
urldate={2016-10-15},
author={Rabelais, Francois},
editor={},
translator={},
publisher={Project Gutenberg},
title={Gargantua and Pantagruel},
year={2004}
}
@book{Rimbaud2009,
url={http://www.gutenberg.org/files/29302/29302-h/29302-h.htm},
urldate={2016-10-15},
author={Rimbaud, Arthur},
editor={},
translator={},
publisher={Project Gutenberg},
title={Po{\'e}sies compl{\`e}tes},
year={2009}
}
@book{Schwob2012,
url={http://www.gutenberg.org/files/39624/39624-h/39624-h.htm},
urldate={2016-10-15},
author={Schwob, Marcel},
editor={},
translator={Seiffhart, Arthur},
publisher={Project Gutenberg},
title={Der Kinderkreuzzug},
year={2012}
}
@book{Jarry2005,
url={http://www.gutenberg.org/files/16884/16884-h/16884-h.htm},
urldate={2016-10-15},
author={Jarry, Alfred},
editor={},
translator={},
publisher={Project Gutenberg},
title={Ubu Roi ou les Polonais},
year={2005}
}
@book{Verlaine2009,
url={http://www.gutenberg.org/files/8426/8426-h/8426-h.htm},
urldate={2016-10-15},
author={Verlaine, Paul},
editor={},
translator={Hall, Gertrude},
publisher={Project Gutenberg},
title={Poems},
year={2009}
}
@book{Verhaeren2010,
url={http://www.gutenberg.org/files/33792/33792-h/33792-h.htm},
urldate={2016-10-15},
author={Verhaeren, Emile},
editor={},
translator={Strettell, Alma},
publisher={Project Gutenberg},
title={Poems},
year={2010}
}
@book{Verne2010,
url={http://www.gutenberg.org/cache/epub/3748/pg3748-images.html},
urldate={2016-10-15},
author={Verne, Jules},
editor={},
translator={},
publisher={Project Gutenberg},
title={A Journey to the Interior of the Earth},
year={2010}
}
@misc{Bing2016,
url={https://www.bing.com/webmaster/help/which-crawlers-does-bing-use-8c184ec0},
urldate={2016-10-15},
author={Microsoft Bing},
journal={Webmaster help {\&} how-to},
title={Meet our crawlers}
}
@misc{Google2016,
url={https://support.google.com/webmasters/answer/182072},
urldate={2016-10-15},
author={Google},
journal={Search Console Help},
title={Googlebot},
year={2016}
}
@misc{iccc2014,
url={http://computationalcreativity.net/iccc2014/},
urldate={2016-10-11},
title={The Conference - Overview},
year={2014}
}
@incollection{Leary1964,
address = {New York},
author = {Leary, Timothy},
booktitle = {Widening Horizons in Creativity},
editor = {Taylor},
pages = {94--96},
publisher = {Wiley},
title = {{The effects of test score feedback on creative performance and of drugs on creative experience}},
year = {1964}
}
@misc{oxdick2016,
url={https://en.oxforddictionaries.com/definition/pataphysics},
urldate={2016-10-10},
journal={Oxford Dictionaries | English},
title={Oxford Dictionaries - pataphysics},
year={2016}
}
@misc{pataphysics2007,
url={http://www.urbandictionary.com/define.php?term=pataphysics},
urldate={2016-10-10},
journal={Urban Dictionary},
title={Urban Dictionary - pataphysics},
author={JBlum},
year={2007}
}
@article{Menabrea1842,
author = {Menabrea, L. F. and Lovelace, Ada},
journal = {Bibliotheque Universelle de Geneve},
number = {82},
title = {{Sketch of The Analytical Engine, Invented by Charles Babbage}},
url = {http://www.fourmilab.ch/babbage/sketch.html},
urldate = {2016-08-25},
year = {1842}
}
@incollection{Turing2009,
author = {Turing, Alan},
booktitle = {Parsing the Turing Test},
chapter = {3},
editor = {Epstein, Robert and Roberts, Gary and Beber, Grace},
isbn = {9781402096242},
pages = {23--66},
publisher = {Springer},
title = {{Computing Machinery and Intelligence}},
year = {2009}
}
@incollection{Horn2009,
author = {Horn, Robert},
booktitle = {Parsing the Turing Test},
chapter = {5},
editor = {Epstein, Robert and Roberts, Gary and Beber, Grace},
isbn = {9781402096242},
pages = {73--88},
publisher = {Springer},
title = {{The Turing Test: Mapping and Navigating the Debate}},
year = {2009}
}
@book{Epstein2009,
editor = {Epstein, Robert and Roberts, Gary and Beber, Grace},
isbn = {9781402096242},
publisher = {Springer},
title = {{Parsing the Turing Test}},
year = {2009}
}
@article{Turing1951,
journal = {BBC Third Programme},
author = {Turing, Alan},
title = {{Can digital computers think?}},
year = {1951},
url = {http://www.turingarchive.org/viewer/?id=459&title=1},
urldate = {2016-08-23}
}
@article{Gulli2005,
journal = {14th international conference on World Wide Web},
pages = {902--903},
title = {{The Indexable Web is More than 11.5 Billion Pages}},
year = {2005}
}
@article{Olston2010,
journal = {Foundations and Trends in Information Retrieval},
number = {3},
pages = {175--246},
title = {{Web Crawling}},
volume = {4},
year = {2010}
}
@misc{Searle1990,
abstract = {Presidential Address to the American Philosophical Association},
author = {Searle, John},
publisher = {American Philosophical Association},
title = {{Is the Brain a Digital Computer?}},
url = {http://users.ecs.soton.ac.uk/harnad/Papers/Py104/searle.comp.html},
year = {1990}
}
@article{Searle1998,
author = {Searle, John},
journal = {Cerebrum},
title = {{Brains and Machines: Correcting Some “Famous Mistakes”}},
url = {http://www.dana.org/Cerebrum/Default.aspx?id=39214},
year = {1998}
}
@online{Searle2015,
author = {Searle, John},
booktitle = {Talks at Google},
title = {{Consciousness in Artificial Intelligence}},
url = {https://youtu.be/rHKwIYsPXLg},
urldate = {2016-08-16}
}
@misc{Cohen2016,
author = {Cohen, Paul},
title = {{Harold Cohen Obituary by Paul Cohen}},
year = {2016}
}
@article{Cohen2007,
  author       = {Cohen, Harold}, 
  title        = {Toward a Diaper-Free Autonomy},
  publisher    = {Museum of Contemporary Art},
  location     = {San Diego},
  year         = 2007,
  url = {http://aaronshome.com/aaron/publications/index.html},
  urldate = {2016-08-15}
}
@online{YouTubeAPI,
author = {Google},
booktitle = {YouTube Data API},
title = {{Search: list}},
url = {https://developers.google.com/youtube/v3/docs/search/list},
urldate = {2016-08-07}
}
@online{TranslatorAPI,
author = {Microsoft},
booktitle = {Microsoft Azure Marketplace},
title = {{Microsoft Translator - Text Translation}},
url = {https://datamarket.azure.com/dataset/bing/microsofttranslator},
urldate = {2016-08-07}
}
@online{BingAPI,
author = {Microsoft},
booktitle = {Microsoft Developer Network},
title = {{Image Search API Reference}},
url = {https://msdn.microsoft.com/en-us/library/dn760791.aspx},
urldate = {2016-08-07}
}
@online{BingAzureAPI,
author = {Microsoft},
booktitle = {Microsoft Azure Marketplace},
title = {{Bing Search API}},
url = {http://datamarket.azure.com/dataset/bing/search#schema},
urldate = {2016-08-07}
}
@online{GettyOverviewAPI,
author = {Getty},
booktitle = {Getty Images API},
title = {{API Overview}},
url = {http://developers.gettyimages.com/api/docs/v3/api-overview.html},
urldate = {2016-08-07}
}
@online{GettyAPI,
author = {Getty},
booktitle = {Getty Images API},
title = {{Search For Creative Images}},
url = {http://developers.gettyimages.com/api/docs/v3/search/images/creative/get/},
urldate = {2016-08-07}
}
@online{FlickrGuideAPI,
author = {Flickr},
booktitle = {The Flickr Developer Guide: API},
title = {{Getting Started}},
url = {https://www.flickr.com/services/developer/api/},
urldate = {2016-08-07}
}
@online{FlickrAPI,
author = {Flickr},
booktitle = {The App Garden},
title = {{flickr.photo.search}},
url = {https://www.flickr.com/services/api/flickr.photos.search.html},
urldate = {2016-08-07}
}
@online{GoogleCI,
author = {Google},
booktitle = {Inside Search},
title = {{Crawling {\&} Indexing}},
url = {https://www.google.com/insidesearch/howsearchworks/crawling-indexing.html},
urldate = {2016-08-04}
}
@article{Efron1976,
  author = {Efron, Bradley and Thisted, Ronald},
  journal = {Biometrika},
  number = {3},
  pages = {435--447},
  title = {{Estimating the number of unseen species: How many words did Shakespeare know?}},
  volume = {63},
  year = {1976}
}
@misc{Raczinski2016a,
  author       = {Raczinski, Fania}, 
  title        = {Emails},
  howpublished = {personal communication},
  year         = 2016,
  note         = {feedback for his bachelor project}
}
@thesis{Dennis2016,
  author = {Dennis, Andrew},
  year = {2016},
  title = {{Investigation of a patadata-based ontology for text based search and replacement}},
  school = {University of London}
}
@misc{PEP20,
  author = {Peters, Tim},
  year = {2004},
  title = {{PEP 20 -- The Zen of Python}},
  url = {{https://www.python.org/dev/peps/pep-0020/}},
  urldate = {2016-04-26}
}
@article{Baldi2010,
author = {Baldi, Pierre and Itti, Laurent},
doi = {10.1016/j.neunet.2009.12.007},
journal = {Neural Networks},
pages = {649--666},
publisher = {Elsevier Ltd},
title = {{Of bits and wows : A Bayesian theory of surprise with applications to attention}},
volume = {23},
year = {2010}
}
@inproceedings{Varshney2013,
address = {New York City, USA},
author = {Varshney, Lav R and Pinel, Florian and Varshney, Kush R and Schoergendofer, Angela and Chee, Yin-Min},
booktitle = {12th International IEEE Conference on Cognitive Informatics and Cognitive Computing},
isbn = {9781479907830},
pages = {36--43},
title = {{Cognition as a Part of Computational Creativity}},
year = {2013}
}
@inproceedings{Raczinski2016,
author = {Raczinski, Fania and Everitt, Dave},
booktitle = {International Symposium of Creative Computing},
title = {{Creative Zombie Apocalypse: A Critique of Computer Creativity Evaluation}},
year = {2016}
}
@techreport{Walker2012,
author = {Walker, Richard},
institution = {HBP-PS Consortium},
title = {{The Human Brain Project}},
year = {2012}
}
@article{Barthes1967,
title={The Death of the Author},
author={Barthes, Roland},
year={1967},
publisher={UbuWeb},
journal={Aspen 5,6},
url={{http://www.ubu.com/aspen/aspen5and6/threeEssays.html/#barthes}},
urldate={2016-01-26},
note={the birth of the reader must be ransomed by the death of the Author}
}
@book{Maeda2001,
title={Design by Numbers},
publisher={MIT Press},
author={Maeda, John},
year={2001},
}
@online{Wired2011,
title={Patrick Tresset's robots draw faces and doodle when bored}, url={http://www.wired.co.uk/news/archive/2011-06/17/sketching-robots},
publisher={Wired UK},
author={Brown, Mark},
year={2011},
month={Jun},
urldate = {2016-01-24}
}
@article{Kim2012,
author = {Kim, Youjeong and Sundar, S. Shyam},
journal = {Computers in Human Behavior},
number = {1},
pages = {241--250},
publisher = {Elsevier Ltd},
title = {{Anthropomorphism of computers: Is it mindful or mindless?}},
volume = {28},
year = {2012}
}
@inproceedings{Mcbride2012,
author = {McBride, Neil},
number = {July},
pages = {10--15},
title = {{A Robot Ethics: The EPSRC Principles and the Ethical Gap}},
booktitle = {{AISB / IACAP World Congress 2012 Framework for Responsible Research and Innovation in AI}},
year = {2012}
}
@book{Kurzweil2013,
address = {London},
author = {Kurzweil, Ray},
isbn = {9780715645376},
publisher = {Duckworth Overlook},
title = {{How to Create a Mind}},
year = {2013}
}
@article{Schulman2009,
author = {Schulman, Ari},
journal = {The New Atlantis},
pages = {46--68},
title = {{Why Minds Are Not Like Computers}},
volume = {23},
year = {2009}
}
@online{Cohen1999,
author = {Cohen, Harold},
title = {Colouring Without Seeing: A Problem in Machine Creativity},
url = {{http://www.kurzweilcyberart.com/aaron/hi_essays.html}},
urldate = {2016-01-24},
year = {1999}
}
@article{Schmidhuber2006,
author = {Schmidhuber, Juergen},
journal = {Connection Science},
number = {2},
pages = {173--187},
title = {{Developmental robotics, optimal artificial curiosity, creativity, music, and the fine arts}},
volume = {18},
year = {2006}
}
@misc{Schmidhuber2006a,
title={New millennium AI and the Convergence of history},
author={Schmidhuber, Juergen},
year={2006}
}
@incollection{Hofstadter1981,
author = {Hofstadter, Douglas},
booktitle = {The Mind's I},
chapter = {26},
editor = {Hofstadter, Douglas and Dennett, Daniel},
isbn = {0-465-03091-2},
pages = {430--460},
publisher = {Basic Books},
title = {{A Conversation with Einstein's Brain}},
year = {1981}
}
@article{Searle1980,
author = {Searle, John},
journal = {Behavioral and Brain Sciences},
number = {3},
pages = {417--457},
title = {{Minds, Brains, and Programs}},
volume = {3},
year = {1980}
}
@book{Maeda2004,
author = {Maeda, John},
isbn = {9780500285176},
publisher = {Thames {\&} Hudson},
title = {{Creative Code}},
year = {2004}
}
@book{Churchland2013,
author = {Churchland, Paul},
isbn = {9780262519588},
publisher = {MIT Press},
title = {{Matter and Consciousness}},
year = {2013}
}
@online{Basile2015,
author = {Basile, Jonathan},
title = {The Library of Babel},
url = {https://libraryofbabel.info/},
urldate = {2015-12-10},
year = {2015}
}
@misc{Dijkstra1988,
author={Dijkstra, Edsger W.},
title={On the Cruelty of Really Teaching Computing Science},
url={http://www.cs.utexas.edu/users/EWD/transcriptions/EWD10xx/EWD1036.html
},
urldate={2016-01-17},
year={1988}
}
@inproceedings{Jordanous2015,
author = {Jordanous, Anna},
booktitle = {International Conference on Computational Creativity},
title = {{Four PPPPerspectives on Computational Creativity}},
year = {2015}
}
@book{Heisenberg1942,
author = {Heisenberg, Werner},
translator = {Rumscheidt, M.B. and Lukens, N.},
title = {{Ordnung der Wirklichkeit}},
year = {1942},
url = {http://werner-heisenberg.unh.edu/t-OdW-english.htm#seg42},
urldate = {2015-12-22}
}
@online{OEDanimal,
author = {Oxford English Dictionary},
title = {animal, n.},
year = {2015},
url = {http://www.oed.com/view/Entry/273779},
urldate = {2015-12-10}
}
@book{Queneau1961,
author = {Queneau, Raymond},
publisher = {Gallimard},
title = {{One Hundred Thousand Billion Poems}},
year = {1961}
}
@article{Edmonds2010,
author = {Edmonds, E. and Candy, L.},
journal = {Leonardo},
number = {5},
pages = {470--476},
title = {{Relating Theory, Practice and Evaluation in Practitioner Research}},
volume = {43},
year = {2010}
}
@article{Everitt2011,
author = {Everitt, Dave},
journal = {Proceedings of the 12th International Research Conference Consciousness Reframed: art and consciousness in the post-biological era},
number = {12},
title = {{Is creativity a 'natural' process?}},
year = {2011}
}
@book{Penrose1999,
author = {Penrose, Sir Roger},
isbn = {0192861980},
pages = {640},
publisher = {Oxford Paperbacks},
title = {{The Emperor's New Mind}},
year = {1999}
}
@article{Turing1950,
author = {Turing, Alan},
journal = {Mind},
pages = {433--460},
title = {{Computing Machinery and Intelligence}},
url = {http://loebner.net/Prizef/TuringArticle.html},
urldate = {2016-01-23},
volume = {59},
year = {1950}
}
@book{Chalmers1996,
author = {Chalmers, David},
publisher = {Oxford University Press},
title = {{The Conscious Mind}},
year = {1996}
}
@misc{Yossarian2015,
author={Yossarian},
title={Yossarian},
url={https://yossarian.co/},
urldate={2015-12-02},
year={2015}
}
@misc{YossarianEmail,
author = {Neeley, J. Paul},
title = {Introducing the NEW Yossarian},
type = {email communication},
date = {2015-12-09}
}
@article{Burnham2015,
author={Burnham, Douglas},
title={Immanuel Kant: Aesthetics},
journal = {Internet Encyclopedia of Philosophy},
url={http://www.iep.utm.edu/kantaest/},
urldate={2015-12-09},
year={2015}
}
@book{Candy2011,
editor = {Candy, Linda and Edmonds, Ernest},
isbn = {9781907471483},
publisher = {Libri Publishing},
title = {{Interacting: Art, Research and the Creative Practitioner}},
year = {2011}
}
@techreport{Candy2006,
author = {Candy, Linda},
booktitle = {CCS report},
title = {{Practice Based Research:A Guide}},
volume = {V1},
year = {2006}
}
@book{Jarry2006,
address = {London},
author = {Jarry, Alfred},
editor = {Brotchie, Alastair and Edwards, Paul},
publisher = {Atlas Press},
title = {{Collected Works II - Three Early Novels}},
year = {2006}
}
@article{Wickson2006,
author = {Wickson, F. and Carew, A.L. and Russell, A.W.},
journal = {Futures},
number = {9},
pages = {1046--1059},
title = {{Transdisciplinary research: characteristics, quandaries and quality}},
volume = {38},
year = {2006}
}
@book{Mingers2004,
author = {Mingers, John and Willcocks, Leslie},
isbn = {0470851171},
pages = {455},
publisher = {John Wiley and Sons},
title = {{Social theory and philosophy for information systems}},
year = {2004}
}
@article{Amaral,
author = {Amaral, Jose Nelson and Buro, Michael and Elio, Renee and Hoover, Jim and Nikolaidis, Ioanis and Salavatipour, Mohammad and Stewart, Lorna and Wong, Ken},
title = {{About Computing Science Research Methodology}},
year={2006},
url={{https://webdocs.cs.ualberta.ca/~c603/readings/research-methods.pdf}}
}
@article{Holz2006,
author = {Holz, Hilary J and Applin, Anne and Joyce, Donald and Purchase, Helen and Reed, Catherine and Haberman, Bruria},
journal = {ITiCSE Innovation and technology in computer science education},
pages = {96--114},
title = {{Research Methods in Computing : What are they , and how should we teach them ?}},
year = {2006}
}
@article{Miller2008,
author = {Miller, Thaddeus R and Baird, Timothy D and Littlefield, Caitlin M and Kofinas, Gary and Iii, F Stuart Chapin and Redman, Charles L},
journal = {Ecology and Society},
number = {2},
title = {{Epistemological Pluralism : Reorganizing Interdisciplinary Research}},
volume = {13},
year = {2008}
}
@article{Knox2004,
author = {Knox, Karl},
journal = {Electronic Journal of Business Reseach Methods},
number = {2},
pages = {119--128},
title = {{A Researcher ’ s Dilemma - Philosophical and Methodological Pluralism}},
volume = {2},
year = {2004}
}
@book{Baeza-Yates2011,
author = {Baeza-Yates, Ricardo and Ribeiro-Neto, Berthier},
isbn = {0321416910},
publisher = {Addison Wesley},
title = {{Modern Information Retrieval: The Concepts and Technology Behind Search}},
url = {http://www.mir2ed.org/},
year = {2011}
}
@article{Damerau1964,
author = {Damerau, Fred J},
journal = {Communications of the ACM},
number = {3},
pages = {171--176},
title = {{A Technique for Computer Detection and Correction of Spelling Errors }},
volume = {7},
year = {1964}
}
@article{Levenshtein1966,
author = {Levenshtein, Vladimir I},
journal = {Soviet Physics Doklady},
number = {8},
pages = {707--710},
title = {{Binary codes capable of correcting deletions, insertions, and reversals }},
volume = {10},
year = {1966}
}
@article{Miller1995,
author = {Miller, George A.},
journaltitle = {Communications of the ACM},
number = {11},
pages = {39--41},
title = {{WordNet: a lexical database for English}},
url = {http://portal.acm.org/citation.cfm?doid=219717.219748},
volume = {38},
year = {1995}
}
@inbook{Borges2000,
  location = {London},
  author = {Borges, Jorge Luis},
  booktitle = {Selected Non-Fictions},
  editor = {Weinberger, Eliot},
  pages = {229-232},
  publisher = {Penguin Books},
  title = {{The Analytical Language of John Wilkins}},
  url = {http://www.entish.org/essays/Wilkins.html},
  year = {2000}
}
@inproceedings{Hendler2011,
  author = {Hendler, Jim and Hugill, Andrew},
  booktitle = {ACM WebSci 11},
  title = {{The Syzygy Surfer : Creative Technology for the World Wide Web}},
  year = {2011}
}
@article{Hendler2013,
  author = {Hendler, Jim and Hugill, Andrew},
  journaltitle = {International journal of Creative Computing},
  number = {1},
  pages = {20-34},
  title = {{The syzygy surfer: (Ab)using the semantic web to inspire creativity}},
  volume = {1},
  year = {2013}
}
@book{Jarry1996,
  location = {Cambridge, MA},
  author = {Jarry, Alfred},
  isbn = {1878972073},
  publisher = {Exact Change},
  title = {{Exploits and Opinions of Dr Faustroll, Pataphysician}},
  year = {1996}
}
@phdthesis{Singh2005,
  author = {Singh, Push},
  school = {Massachusetts Institute of Technology},
  title = {{EM-ONE: An Architecture for Reflect\-ive Common\-sense Thinking}},
  year = {2005}
}
@misc{Google2012,
  author = {Google},
  title = {{Google Ranking}},
  url = {https://www.google.com/intl/en/about/company/philosophy/},
  urldate = {2012-12-22},
  year = {2012}
}
@book{Drucker2009,
  author = {Drucker, Johanna},
  isbn = {0226165086},
  publisher = {University of Chicago Press},
  title = {{SpecLab: Digital Aesthetics and Projects in Speculative Computing}},
  year = {2009}
}
@book{Boek2002,
  location = {Evanston, Illinois},
  author = {Boek, Christian},
  isbn = {0810118777},
  publisher = {Northwestern University Press},
  title = {{'Pataphysics: The Poetics of an Imaginary Science}},
  year = {2002}
}
@book{Hugill2012a,
  location = {Cambridge, Massachusetts},
  author = {Hugill, Andrew},
  isbn = {9780262017794},
  publisher = {MIT Press},
  title = {{'Pataphysics: A Useless Guide}},
  year = {2012}
}
@inproceedings{Raczinski2013,
  location = {Sydney, Australia},
  author = {Raczinski, Fania and Yang, Hongji and Hugill, Andrew},
  booktitle = {Proceedings of the 9th International Conference on Creativity and Cognition},
  isbn = {978-1-4503-2150-1},
  pages = {274-280},
  publisher = {ACM New York, NY, USA},
  title = {{Creative Search Using Pataphysics}},
  year = {2013}
}
@inproceedings{Sawle2011,
  location = {Rome},
  author = {Sawle, James and Raczinski, Fania and Yang, Hongji},
  booktitle = {The Third International Conference on Creative Content Technologies},
  pages = {54-57},
  title = {{A Framework for Creativity in Search Results}},
  year = {2011}
}
@article{Hugill2013d,
  author = {Hugill, Andrew and Yang, Hongji and Raczinski, Fania and Sawle, James},
  journaltitle = {Digital Creativity},
  number = {3},
  pages = {237-251},
  title = {{The pataphysics of creativity: developing a tool for creative search}},
  volume = {24},
  year = {2013}
}
@article{Ramesh2004,
  author = {Ramesh, V. and Glass, Robert L. and Vessey, Iris},
  journaltitle = {journaltitle of Systems and Software},
  number = {1-2},
  pages = {165-176},
  title = {{Research in computer science: an empirical study}},
  volume = {70},
  year = {2004}
}
@article{Nicolescu2010,
  author = {Nicolescu, Basarab},
  journaltitle = {Transcdisciplinary journal of Engineering and Science},
  number = {1},
  pages = {19-38},
  title = {{Methodology of Transdisciplinarity - Levels of Reality, Logic of the Included}},
  volume = {1},
  year = {2010}
}
@book{Brotchie2011,
  location = {UK},
  author = {Brotchie, Alastair},
  isbn = {978-1-900565-55-4},
  publisher = {Atlas Press},
  title = {{A supplement}},
  year = {2011}
}
@book{Brotchie2011a,
address = {London},
author = {Brotchie, Alastair},
isbn = {978-0-262-01619-3},
publisher = {MIT Press},
title = {{Alfred Jarry: A Pataphysical Life}},
year = {2011}
}

@book{Brotchie2003,
  location = {London},
  editor = {Brotchie, Alastair and Chapman, Stanley and Foulc, Thieri and Jackson, Kevin},
  isbn = {1900565080},
  publisher = {Atlas Press},
  title = {{'Pataphysics: Definitions and Citations}},
  year = {2003}
}
@book{Brotchie2007,
  location = {London},
  editor = {Brotchie, Alastair and Chapman, Stanley},
  isbn = {978-1-900565-42-4},
  publisher = {Atlas Press},
  title = {{Necrologies}},
  year = {2007}
}
@misc{Walsh2001,
  author = {Walsh, Dave},
  booktitle = {disinfo.com},
  title = {{Absinthe, Bicycles and Merdre}},
  urldate = {2012-01-11},
  year = {2001}
}
@book{Shattuck1959,
  abstract = {The Arts in France 1885 - 1918},
  location = {London},
  author = {Shattuck, Roger},
  publisher = {Faber},
  title = {{The Banquet Years}},
  year = {1959}
}
@phdthesis{Cutshall1988,
  author = {Cutshall, James Anthony},
  pages = {258},
  school = {University of Reading},
  title = {{The Figure of the Writer - Alfred Jarry}},
  type = {Thesis},
  year = {1988}
}
@phdthesis{Dubbelboer2009,
  author = {Dubbelboer, Marieke},
  pages = {233},
  school = {Rijksuniversiteit Groningen},
  title = {{'UBUSING' CULTURE}},
  type = {Thesis},
  year = {2009}
}
@misc{Corbyn2005,
  author = {Corbyn, Zoe},
  booktitle = {The Guardian},
  title = {{An introduction to 'Pataphysics}},
  year = {2005}
}
@misc{Baudrillard2007,
  author = {Baudrillard, Jean},
  title = {{Pataphysics}},
  url = {http://www.ctheory.net/articles.aspx?id=569},
  urldate = {2012-01-21},
  year = {2007}
}
@article{Jorn1961,
  annote = {Pataphysics as a religion?},
  author = {Jorn, Asger},
  journaltitle = {Internationale Situationniste},
  title = {{Pataphysics - A Religion In The Making}},
  volume = {6},
  year = {1961}
}
@misc{Cruickshank,
  author = {Cruickshank, Douglas},
  title = {{Why Anti-Matter Matters}},
  url = {http://www.ralphmag.org/jarry.html},
  urldate = {2011-05-23},
  year = {nd}
}
@book{Vian2006,
  location = {London},
  author = {Vian, Boris},
  isbn = {1-900565-32-3},
  publisher = {Atlas Press},
  title = {{'Pataphysics? What's That?}},
  translator = {Chapman, Stanley},
  year = {2006}
}
@book{Daumal2012,
  location = {Cambridge, Massachusetts},
  author = {Daumal, Rene},
  isbn = {978-0-9841155-6-3},
  publisher = {Wakefield Press},
  title = {{Pataphysical Essays}},
  translator = {Vosteen, Thomas},
  year = {2012}
}
@book{Brotchie1995,
  location = {London},
  editor = {Brotchie, Alastair},
  isbn = {0-947757-78-3},
  publisher = {Atlas Press},
  title = {{A True History of the College of 'Pataphysics - 1}},
  translator = {Edwards, Paul},
  year = {1995}
}
@book{Borges1964,
  author = {Borges, Jorge Luis},
  location = {New York},
  publisher = {New Directions},
  title = {{Labyrinths - Selected Stories and Other Writings}},
  year = {1964},
  isbn = {978-0811200127}
}
@book{Borges1957,
  author = {Borges, Jorge Luis and Guerrero, Margarita},
  translator = {Hurley, Andrew},
  publisher = {Viking},
  title = {{Book of Imaginary Beings}},
  year = {1957}
}
@book{Borges1999,
  author = {Borges, Jorge Luis},
  translator = {Hurley, Andrew},
  publisher = {Penguin},
  isbn = {9780140286809},
  title = {{Collected fictions}},
  year = {1999}
}
@article{Borges2010a,
  author = {Borges, Jorge Luis and Dembo, L.S.},
  journaltitle = {Contemporary Literature},
  number = {3},
  pages = {315-323},
  title = {{Interview with Borges}},
  volume = {11},
  year = {2010}
}
@book{Borges2010b,
  author = {Borges, Jorge Luis},
  publisher = {Reclam},
  title = {{La biblioteca de Babel}},
  year = {2010}
}
@inbook{Foucault1966,
  location = {France},
  author = {Foucault, Michel},
  booktitle = {The Order of Things},
  chapter = {Preface},
  pages = {xv - xxiv},
  publisher = {Editions Gallimard},
  title = {{The Order of Things - Preface}},
  year = {1966}
}
@incollection{Mayer1999,
  location = {New York},
  author = {Mayer, Richard E},
  booktitle = {Handbook of Creativity},
  chapter = {22},
  editor = {Sternberg, Robert J},
  isbn = {978-0-521-57604-8},
  pages = {449-460},
  publisher = {Cambridge University Press},
  title = {{Fifty Years of Creativity Research}},
  year = {1999}
}
@incollection{Candy2012,
  author = {Candy, Linda},
  booktitle = {Creativity and Rationale: Enhancing Human Experience by Design},
  editor = {Carroll, J.M.},
  publisher = {Springer},
  title = {{Evaluating Creativity}},
  year = {2012}
}
@phdthesis{Jordanous2012a,
  author = {Jordanous, Anna Katerina},
  school = {University of Sussex},
  title = {{Evaluating Computational Creativity: A Standardised Procedure for Evaluating Creative Systems and its Application}},
  year = {2012}
}
@article{Rhodes1961,
  author = {Rhodes, Mel},
  journaltitle = {The Phi Delta Kappan},
  number = {7},
  pages = {305-310},
  title = {{An analysis of creativity}},
  volume = {42},
  year = {1961}
}
@book{Sternberg1999,
  author = {Sternberg, Robert J},
  isbn = {0521576040},
  pages = {490},
  publisher = {Cambridge University Press},
  title = {{Handbook of creativity}},
  year = {1999}
}
@book{Koestler1964,
  location = {London},
  author = {Koestler, Arthur},
  isbn = {0091282705},
  publisher = {Hutchinson and Co},
  title = {{The Act of Creation}},
  year = {1964}
}
@book{Poincare2001,
  location = {New York},
  author = {Poincare, Henri},
  editor = {Gould, Stephen Jay},
  isbn = {0375758488},
  publisher = {Modern Library},
  title = {{The Value of Science}},
  year = {2001}
}
@book{Polya1957,
  location = {Princeton, New Jersey},
  author = {Polya, George},
  edition = {2nd},
  isbn = {0691023565},
  publisher = {Princeton University Press},
  title = {{How To Solve It}},
  year = {1957}
}
@book{Wallas1926,
  author = {Wallas, Graham},
  publisher = {Jonathan Cape},
  title = {{The Art of Thought}},
  year = {1926}
}
@book{Boden2003,
  location = {London},
  author = {Boden, Margaret},
  isbn = {0415314534},
  publisher = {Routledge},
  title = {{The Creative Mind: Myths and Mechanisms}},
  year = {2003}
}
@book{Partridge1994,
  location = {Oxford},
  author = {Partridge, Derek and Rowe, Jon},
  publisher = {Intellect},
  title = {{Computers and Creativity}},
  year = {1994}
}
@article{Kaufman2009,
  author = {Kaufman, James C. and Beghetto, Ronald A.},
  journaltitle = {Review of General Psychology},
  number = {1},
  pages = {1-12},
  title = {{Beyond big and little: The four c model of creativity}},
  volume = {13},
  year = {2009}
}
@article{Sternberg2006,
  location = {Cambridge},
  author = {Sternberg, Robert J},
  isbn = {0521338921},
  journaltitle = {Creativity Research journal},
  number = {1},
  pages = {87-98},
  publisher = {Cambridge University Press},
  title = {{The Nature of Creativity}},
  volume = {18},
  year = {2006}
}
@article{Beghetto2007,
  author = {Beghetto, Ronald A. and Kaufman, James C.},
  journaltitle = {Psychology of Aesthetics, Creativity, and the Arts},
  number = {2},
  pages = {73-79},
  title = {{Toward a broader conception of creativity: A case for 'mini-c' creativity.}},
  volume = {1},
  year = {2007}
}
@inproceedings{Pease2011,
  author = {Pease, Alison and Colton, Simon},
  booktitle = {Proceedings of the AISB},
  title = {{On impact and evaluation in Computational Creativity : A discussion of the Turing Test and an alternative proposal}},
  year = {2011}
}
@inproceedings{Pease2001,
  author = {Pease, Alison and Winterstein, Daniel and Colton, Simon},
  booktitle = {Proceedings of ICCBR Workshop on Approaches to Creativity},
  pages = {129-137},
  title = {{Evaluating Machine Creativity}},
  year = {2001}
}
@unpublished{Indurkhya,
  author = {Indurkhya, Bipin},
  year = {1997},
  note = {Unpublished manuscript. Based on the keynote speech 'On Modeling Mechanisms of Creativity' delivered at Mind II: Computational Models of Creative Cognition},
  title = {{Computers and creativity}}
}
@book{Minsky1988,
  author = {Minsky, Marvin},
  isbn = {0671657135},
  pages = {336},
  publisher = {Simon and Schuster},
  title = {{The Society of Mind}},
  year = {1988}
}
@article{Minsky1980,
  author = {Minsky, Marvin},
  journaltitle = {Cognitive Science},
  number = {4},
  pages = {117-133},
  title = {{K-Lines : A Theory of Memory}},
  volume = {33},
  year = {1980}
}
@inproceedings{Jordanous2012,
  author = {Jordanous, Anna Katerina and Keller, Bill},
  booktitle = {Proceedings of the 3rd International Conference on Computational Creativity},
  pages = {216-220},
  title = {{Weaving creativity into the Semantic Web: a language-processing approach}},
  year = {2012}
}
@book{Gelernter1994,
  location = {London},
  author = {Gelernter, David},
  isbn = {1-85702-083-9},
  publisher = {Fourth Estate Limited},
  title = {{The Muse in the Machine}},
  year = {1994}
}
@article{Elton1995,
  author = {Elton, Matthew},
  journaltitle = {Leonardo},
  number = {3},
  pages = {207 - 213},
  publisher = {The MIT Press},
  title = {{Artificial Creativity: Enculturing Computers}},
  volume = {28},
  year = {1995}
}
@article{Wiggins2006,
  author = {Wiggins, Geraint A},
  journaltitle = {Knowledge Based Systems},
  number = {7},
  pages = {449 - 458},
  title = {{A preliminary framework for description, analysis and comparison of creative systems}},
  volume = {19},
  year = {2006}
}
@inproceedings{Colton2008a,
  author = {Simon Colton},
  title = {Creativity versus the perception of creativity in computational systems},
  booktitle = {In Proceedings of the AAAI Spring Symp. on Creative Intelligent Systems},
  year = {2008}
}
@article{Colton2008,
  author = {Colton, Simon},
  journaltitle = {AISB Quarterly},
  pages = {6-7},
  title = {{Computational Creativity}},
  year = {2008}
}
@inproceedings{Colton2012,
  location = {Montpellier, France},
  author = {Colton, Simon and Wiggins, Geraint A},
  booktitle = {Proceedings of the 20th European Conference on Artificial Intelligence},
  isbn = {978-1-61499-097-0},
  pages = {21-26},
  publisher = {IOS Press},
  title = {{Computational Creativity: The Final Frontier?}},
  year = {2012}
}
@inproceedings{Ritchie2001,
  author = {Ritchie, Graeme},
  booktitle = {AISB '01 Symposium on Artificial Intelligence and Creativity in Arts and Science},
  pages = {3-11},
  publisher = {Proceedings of the AISB'01 Symposium on Artificial Intelligence and Creativity in Arts and Science},
  title = {{Assessing creativity}},
  year = {2001}
}
@article{Ritchie2007,
  author = {Ritchie, Graeme},
  journaltitle = {Minds and Machines},
  number = {1},
  pages = {67-99},
  title = {{Some Empirical Criteria for Attributing Creativity to a Computer Program}},
  volume = {17},
  year = {2007}
}
@inproceedings{Ritchie2012,
author = {Ritchie, Graeme},
booktitle = {International Conference on Computational Creativity},
pages = {41--48},
title = {{A closer look at creativity as search}},
year = {2012}
}
@inproceedings{Ventura2008,
  location = {Madrid, Spain},
  author = {Ventura, Dan},
  booktitle = {5th International Joint Workshop on Computational Creativty},
  title = {{A Reductio Ad Absurdum Experiment in Sufficiency for Evaluating (Computational) Creative Systems}},
  year = {2008}
}
@article{Hugill2013,
  author = {Hugill, Andrew},
  journaltitle = {Digital Creativity},
  number = {3},
  pages = {165-167},
  title = {{Introduction: transdisciplinary learning for digital creative practice}},
  volume = {24},
  year = {2013}
}
@article{Hugill2013c,
  author = {Hugill, Andrew and Yang, Hongji},
  journaltitle = {International journal of Creative Computing},
  number = {1},
  pages = {4-19},
  title = {{The creative turn: new challenges for computing}},
  volume = {1},
  year = {2013}
}
@article{Eden2007,
  author = {Eden, Amnon H.},
  journaltitle = {Minds and Machines},
  number = {2},
  pages = {135-167},
  title = {{Three Paradigms of Computer Science}},
  volume = {17},
  year = {2007}
}
@article{Yang2013,
  author = {Yang, Hongji},
  journaltitle = {International journal of Creative Computing},
  number = {1},
  pages = {1-3},
  title = {{Editorial}},
  volume = {1},
  year = {2013}
}
@incollection{Drucker2007,
  location = {Oxford},
  author = {Drucker, Johanna and Nowviskie, B},
  booktitle = {A Companion to Digitial Humanities},
  chapter = {29},
  editor = {Schreibman, Susan and Unsworth, John and Siemens, Ray},
  publisher = {Blackwell Publishing},
  title = {{Speculative Computing: Aesthetic Provocations in Humanities Computing}},
  year = {2007}
}
@book{Burdick2012,
  location = {Cambridge, Massachusetts},
  author = {Burdick, Anne and Drucker, Johanna and Lunefeld, Peter and Presner, Todd and Schnapp, Jeffrey},
  isbn = {9780262018470},
  publisher = {MIT Press},
  title = {{Digital Humanities}},
  year = {2012}
}
@article{Thomas2007,
  author = {Thomas, Sue and Joseph, Chris and Laccetti, Jess and Mason, Bruce and Mills, Simon and Perril, Simon and Pullinger, Kate},
  journaltitle = {First Monday},
  number = {12},
  title = {{Transliteracy: Crossing divides}},
  volume = {12},
  year = {2007}
}
@misc{McBride2013,
  location = {Leicester},
  author = {McBride, Neil},
  title = {{Robot Ethics: The Boundaries of Machine Ethics}},
  year = {2013}
}
@misc{Baidu2012,
  author = {Baidu},
  title = {{Baidu About}},
  urldate = {2012-12-22},
  year = {2012}
}
@misc{Microsoft2012a,
  author = {Microsoft},
  title = {{Bing Fact Sheet}},
  url = {http://www.microsoft.com/en-us/news/download/presskits/bing/docs/MSBingAll-UpFS.docx},
  urldate = {2012-12-22},
  year = {2012}
}
@techreport{Brin1998c,
  author = {Brin, Sergey},
  booktitle = {Technical Report. Stanford InfoLab. (Publication Note: WebDB Workshop at EDBT'98)},
  institution = {Stanford University},
  title = {{Extracting Patterns and Relations from the World Wide Web}},
  year = {1998}
}
@article{Brin1998b,
  author = {Brin, Sergey and Page, Larry},
  journaltitle = {Computer Networks and ISDN Systems},
  number = {1-7},
  pages = {107-117},
  title = {{The anatomy of a large-scale hypertextual Web search engine}},
  volume = {30},
  year = {1998}
}
@article{Marchionini1988,
  author = {Marchionini, Gary and Shneiderman, Ben},
  journaltitle = {Computer},
  number = {1},
  pages = {70-80},
  title = {{Finding facts vs. browsing knowledge in hypertext systems}},
  volume = {21},
  year = {1988}
}
@book{Manning2009,
  author = {Manning, Christopher and Raghavan, Prabhakar and Schuetze, Hinrich},
  booktitle = {2009 Cambridge UP},
  publisher = {Cambridge UP},
  title = {{Introduction to Information Retrieval}},
  url = {http://informationretrieval.org},
  year = {2009}
}
@book{Miyamoto2010,
  author = {Miyamoto, Sadaaki},
  isbn = {9048140676},
  pages = {276},
  publisher = {Springer},
  title = {{Fuzzy Sets in Information Retrieval and Cluster Analysis (Theory and Decision Library D)}},
  year = {2010}
}
@misc{Miyamoto1988,
  author = {Miyamoto, Sadaaki},
  title = {{Information Retrieval based on Fuzzy Associations}},
  year = {1988}
}
@article{Miyamoto1986,
  author = {Miyamoto, Sadaaki and Nakayama, K},
  journaltitle = {IEEE Transactions on Systems, Man and Cybernetics},
  number = {2},
  pages = {278-282},
  title = {{Fuzzy Information Retrieval Based on a Fuzzy Pseudothesaurus}},
  volume = {16},
  year = {1986}
}
@article{Srinivasan2001,
  author = {Srinivasan, P},
  journaltitle = {Information Processing and Management},
  number = {1},
  pages = {15-38},
  title = {{Vocabulary mining for information retrieval: rough sets and fuzzy sets}},
  volume = {37},
  year = {2001}
}
@article{Widyantoro2001,
  author = {Widyantoro, D.H. and Yen, J.},
  journaltitle = {10th IEEE International Conference on Fuzzy Systems},
  pages = {1291-1294},
  publisher = {Ieee},
  title = {{A fuzzy ontology-based abstract search engine and its user studies}},
  volume = {2},
  year = {2001}
}
@article{Deerwester1990,
  author = {Deerwester, Scott and Furnas, George W and Landauer, Thomas K and Harshman, Richard},
  journaltitle = {Jour\-nal of the American Society for Infor\-mation Science},
  number = {6},
  pages = {391-407},
  title = {{Indexing by Latent Semantic Analysis}},
  volume = {41},
  year = {1990}
}
@article{Macdonald2009,
  author = {Macdonald, Craig},
  journaltitle = {Philosophy},
  title = {{The Voting Model for People Search}},
  year = {2009}
}
@article{Schuetze1998,
  author = {Schuetze, Hinrich},
  journaltitle = {Computational Linguistics},
  title = {{Automatic Word Sense Discrimination}},
  year = {1998}
}
@misc{Schuetze,
  author = {Schuetze, Hinrich and Pedersen, Jan},
  title = {Information Retrieval Based on Word Senses},
  year = {1995}
}
@article{Brin1998,
  author = {Brin, Sergey and Page, Larry},
  journaltitle = {World Wide Web Internet And Web Information Systems},
  pages = {1-17},
  title = {{The PageRank Citation Ranking: Bringing Order to the Web}},
  year = {1998}
}
@article{Kleinberg1999,
  author = {Kleinberg, Jon M},
  journaltitle = {journal of the ACM},
  number = {5},
  pages = {604-632},
  title = {{Authoritative sources in a hyperlinked environment}},
  volume = {46},
  year = {1999}
}
@article{Kleinberg,
  author = {Kleinberg, Jon M and Kumar, Ravi and Raghavan, Prabhakar and Tomkins, Andrew S},
  journaltitle = {Computer},
  title = {{The Web as a graph : measurements, models and methods}},
  year = {1999}
}
@inproceedings{Bharat2000,
  author = {Bharat, Krishna and Mihaila, George},
  booktitle = {Proc of the 9th International WWW},
  title = {{Hilltop: A Search Engine based on Expert Documents}},
  volume = {11},
  year = {2000}
}
@article{DeBra,
  author = {{De Bra}, Paul and Houben, Geert-jan and Kornatzky, Yoram and Post, Reinier},
  journaltitle = {Techniques},
  year = {1994},
  title = {{Information Retrieval in Distributed Hypertexts}}
}
@article{DeBra1994,
  author = {{De Bra}, Paul and Post, Reinier},
  journaltitle = {Computer Networks and ISDN Systems},
  number = {2},
  pages = {183-192},
  title = {{Information retrieval in the World-Wide Web: Making client-based searching feasible}},
  volume = {27},
  year = {1994}
}
@article{DeBra1994a,
  author = {{De Bra}, Paul and Post, Reinier},
  journaltitle = {Mosaic A journal For The Interdisciplinary Study Of Literature},
  title = {{Searching for Arbitrary Information in the WWW: the Fish Search for Mosaic}},
  year = {1994}
}
@article{Hersovici1998,
  author = {Hersovici, M and Jacovi, M and Maarek, Y and Pelleg, D and Shtalhaim, M and Ur, S},
  journaltitle = {Computer Networks and ISDN Systems},
  number = {1-7},
  pages = {317-326},
  title = {{The shark-search algorithm. An application: tailored Web site mapping}},
  volume = {30},
  year = {1998}
}
@article{Luo2005,
  author = {Luo, Fang-fang and Chen, Guo-long and Guo, Wen-zhong},
  journaltitle = {2005 International Conference on Natural Language Processing and Knowledge Engineering},
  pages = {523-528},
  publisher = {Ieee},
  title = {{An Improved 'Fish-search' Algorithm for Information Retrieval}},
  year = {2005}
}
@article{BastosFilho2008,
  author = {{Bastos Filho}, Carmelo and {de Lima Neto}, Fernando and Lins, Anthony and Nascimento, Antonio and Lima, Marilia},
  journaltitle = {IEEE International Conference on Systems, Man and Cybernetics},
  pages = {2646-2651},
  publisher = {Ieee},
  title = {{A novel search algorithm based on fish school behavior}},
  year = {2008}
}
@article{Nick2001,
  author = {Nick, Z.Z. and Themis, P.},
  journaltitle = {IEEE Internet Computing},
  number = {2},
  pages = {18-26},
  title = {{Web Search Using a Genetic Algorithm}},
  volume = {5},
  year = {2001}
}
@inproceedings{Agichtein2006,
  location = {New York, New York, USA},
  author = {Agichtein, Eugene and Brill, Eric and Dumais, Susan},
  booktitle = {ACM SIGIR conference on Research and development in information retrieval},
  pages = {19},
  publisher = {ACM Press},
  title = {{Improving web search ranking by incorporating user behavior information}},
  year = {2006}
}
@article{Bao2007,
  author = {Bao, Shenghua and Wu, Xiaoyuan and Fei, Ben and Xue, Guirong and Su, Zhong and Yu, Yong},
  journaltitle = {Distribution},
  pages = {501-510},
  title = {{Optimizing Web Search Using Social Annotations}},
  year = {2007}
}
@inproceedings{Garcia-Molina2004,
  author = {Garcia-Molina, Hector and Pedersen, Jan and Gyongyi, Zoltan},
  title = {{Combating Web Spam with TrustRank}},
  year = {2004},
  booktitle = {In VLDB},
  pages = {576-587},
  publisher = {Morgan Kaufmann}
}
@article{Glover2001,
  author = {Glover, E.J. and Flake, G.W. and Lawrence, Steve and Birmingham, W.P. and Kruger, A. and Giles, C.L. and Pennock, D.M.},
  journaltitle = {Proceedings 2001 Symposium on Applications and the Internet},
  pages = {23-32},
  publisher = {IEEE Computer Soc.},
  title = {{Improving category specific Web search by learning query modifications}},
  year = {2001}
}
@article{Haveliwala2003,
  author = {Haveliwala, Taher H},
  journaltitle = {Knowledge Creation Diffusion Utilization},
  number = {4},
  pages = {784-796},
  title = {{Topic-Sensitive Page\-Rank: A Context Sensitive Ranking Algorithm for Web Search}},
  volume = {15},
  year = {2003}
}
@inproceedings{Hotho,
  author = {Andreas Hotho and Robert Jaeschke and Christoph Schmitz and Gerd Stumme},
  title = {Information retrieval in folksonomies: Search and ranking},
  booktitle = {The Semantic Web: Research and Applications, volume 4011 of LNAI},
  year = {2006},
  pages = {411-426},
  publisher = {Springer}
}
@inproceedings{Jeh,
  author = {Glen Jeh and Jennifer Widom},
  title = {SimRank: A Measure of Structural Context Similarity},
  booktitle = {In KDD},
  year = {2002},
  pages = {538-543}
}
@article{Shu1999,
  author = {Shu, Bo and Kak, Subhash},
  journaltitle = {Information Sciences},
  title = {{A neural network-based intelligent meta\-search engine}},
  volume = {120},
  year = {1999}
}
@article{Du2007,
  author = {Du, Zhi-Qiang and Hu, Jing and Yi, Hong-Xia and Hu, Jin-Zhu},
  journaltitle = {2007 International Conference on Wireless Communications, Networking and Mobile Computing},
  pages = {5398-5401},
  publisher = {Ieee},
  title = {{The Research of the Semantic Search Engine Based on the Ontology}},
  year = {2007}
}
@inproceedings{Ding,
  author = {Li Ding and Tim Finin and Anupam Joshi and Rong Pan and R. Scott and Cost Yun Peng and Pavan Reddivari and Vishal Doshi and Joel Sachs},
  title = {Swoogle: A semantic web search and metadata engine},
  booktitle = {In Proceedings of the 13th ACM Conference on Information and Knowledge Management. ACM},
  year = {2004}
}
@techreport{Kamps,
  author = {Kamps, Jaap and Kaptein, Rianne and Koolen, Marijn},
  title = {Using Anchor Text , Spam Filtering and Wikipedia for Web Search and Entity Ranking},
  institution = {?},
  year = {2010}
}
@phdthesis{Taye2009,
  author = {Taye, Mohammad Mustafa},
  booktitle = {I Can},
  school = {De Montort University},
  title = {{Ontology Alignment Mechanisms for Improving Web-based Searching}},
  year = {2009}
}
@article{Dean2003,
  author = {Dean, Jeffrey and Barroso, Luiz Andre and Hoelzle, Urs},
  journaltitle = {Ieee Micro},
  pages = {22-28},
  title = {{Web Search for a Planet: The Google Cluster Architecture}},
  year = {2003}
}
@book{Bird2009,
  location = {Sebasopol, CA},
  author = {Bird, Steven and Klein, Ewan and Loper, Edward},
  isbn = {978-0-596-51649-9},
  publisher = {O'Reilly Media},
  title = {{Natural Language Processing with Python}},
  year = {2009}
}
@book{Jurafsky2009,
  location = {London},
  author = {Jurafsky, Daniel and Martin, James H},
  publisher = {Pearson Education},
  title = {{Speech and Language Processing}},
  year = {2009}
}
@article{Marcus1993,
  author = {Marcus, Mitchell P and Santorini, Beatrice and Marcinkiewicz, Mary Ann},
  journaltitle = {Computational Linguistics},
  number = {2},
  title = {{Building a Large Annotated Corpus of English: The Penn Treebank}},
  volume = {19},
  year = {1993}
}
@inproceedings{Jordanous2011,
  author = {Jordanous, Anna Katerina},
  booktitle = {Proceedings of the Second International Conference on Computational Creativity},
  title = {{Evaluating Evaluation : Assessing Progress in Computational Creativity Research}},
  year = {2011}
}
@misc{Colton2001,
  author = {Colton, Simon and Pease, Alison and Ritchie, Graeme},
  title = {{The Effect of Input Knowledge on Creativity}},
  year = {2001}
}
@inproceedings{Pease2013,
  location = {Sydney, Australia},
  author = {Pease, Alison and Colton, Simon and Ramezani, Ramin and Charnley, John and Reed, Kate},
  booktitle = {Proceedings of the 4th International Conference on Computational Creativity},
  pages = {64-71},
  publisher = {University of Sydney},
  title = {{A Discussion on Serendipity in Creative Systems}},
  volume = {1000},
  year = {2013}
}
@article{Piffer2012,
  author = {Piffer, Davide},
  journaltitle = {Thinking Skills and Creativity},
  number = {3},
  pages = {258-264},
  publisher = {Elsevier Ltd},
  title = {{Can creativity be measured? An attempt to clarify the notion of creativity and general directions for future research}},
  volume = {7},
  year = {2012}
}
@article{Sutcliffe1998,
  author = {Sutcliffe, Alistrair and Ennis, Mark},
  journaltitle = {Interacting with Computers},
  pages = {321-351},
  title = {{Towards a cognitive theory of information retrieval}},
  volume = {10},
  year = {1998}
}
@article{DeVries1993,
  author = {de Vries, Erica},
  journaltitle = {OCTO report 93/02},
  title = {{Browsing vs Searching}},
  year = {1993}
}
@article{Marchionini2006,
  author = {Marchionini, Gary},
  journaltitle = {Communications of the ACM},
  number = {4},
  pages = {41-46},
  title = {{From finding to understanding}},
  volume = {49},
  year = {2006}
}
@book{Motte2007,
  location = {London},
  author = {Motte, Warren},
  isbn = {1-56478-187-9},
  publisher = {Dalkey Archive Press},
  title = {{Oulipo, A primer of potential literature}},
  year = {2007}
}
@book{Mathews2005,
  location = {London},
  author = {Mathews, Harry and Brotchie, Alastair},
  isbn = {1900565188},
  publisher = {Atlas Press},
  title = {{Oulipo Compendium}},
  year = {2005}
}
@article{Heilman2003,
  author = {Heilman, Kenneth M and Nadeau, Stephen E and Beversdorf, David O},
  journaltitle = {Neurocase},
  number = {5},
  pages = {369-79},
  pmid = {14972752},
  title = {{Creative innovation: possible brain mechanisms.}},
  volume = {9},
  year = {2003}
}
@book{Newell1963,
  location = {New York},
  author = {Newell, A and Shaw, J. G. and Simon, H. A.},
  publisher = {Atherton},
  title = {{The Process Of Creative Thinking}},
  year = {1963}
}
@incollection{Stahl2013,
  author = {Stahl, Bernd Carsten and Jirotka, Marina and Eden, Grace},
  booktitle = {Responsible Innovation},
  chapter = {11},
  editor = {Owen, Richard},
  pages = {199-218},
  publisher = {John Wiley and Sons},
  title = {{Responsible Research and Innovation in Information and Communication Technology: Identifying and Engaging with the Ethical Implications of ICTs}},
  year = {2013}
}
