
@online{Corlissnd,
  url={http://www.science-frontiers.com/sourcebk.htm},
  urldate={2016-11-22},
  author={Corliss, William},
  title={The Sourcebook Project},
  titleaddon={Science Frontiers},
  year={n.d.}
}
@online{WikiJarry2016,
  url={https://fr.wikipedia.org/wiki/Alfred\_Jarry},
  urldate={2016-11-10},
  organization={Wikipedia},
  title={Alfred Jarry},
  label={Wikipedia},
  year={n.d.}
}
@book{Bok2002,
  location={Evanston, Illinois, USA},
  author={B{\"o}k, Christian},
  publisher={{Northwestern University Press}},
  title={{'Pataphysics: The Poetics of an Imaginary Science}},
  year={2002}
}
@book{Jarry1996,
  location={Cambridge, MA, USA},
  author={Jarry, Alfred},
  publisher={Exact Change},
  title={{Exploits and Opinions of Dr. Faustroll, Pataphysician}},
  year={1996}
}
@inbook{Borges2000,
  location={London, UK},
  author={Borges, Jorge Luis},
  booktitle={Selected Non-Fictions},
  editor={Weinberger, Eliot},
  pages={229-232},
  publisher={Penguin Books},
  title={The Analytical Language of John Wilkins},
  url={http://www.entish.org/essays/Wilkins.html},
  year={2000}
}
@book{Queneau1961,
  author={Queneau, Raymond},
  publisher={Gallimard},
  title={{One Hundred Thousand Billion Poems}},
  year={1961}
}
@inproceedings{Hendler2011,
  author={Hendler, Jim and Hugill, Andrew},
  booktitle={Proceedings of the 3rd International Conference on Web Science},
  title={{The Syzygy Surfer: Creative Technology for the World Wide Web}},
  location={Koblenz, Germany},
  year={2011}
}
@article{Hendler2013,
  author={Hendler, Jim and Hugill, Andrew},
  journaltitle={International Journal of Creative Computing},
  number={1},
  pages={20-34},
  title={{The Syzygy Surfer: (Ab)using the semantic web to inspire creativity}},
  volume={1},
  year={2013}
}
@article{Hugill2013c,
  author={Hugill, Andrew and Yang, Hongji},
  journaltitle={International Journal of Creative Computing},
  number={1},
  pages={4-19},
  title={{The creative turn: new challenges for computing}},
  volume={1},
  year={2013}
}
@inproceedings{Raczinski2013,
  location={Sydney, Australia},
  author={Raczinski, Fania and Yang, Hongji and Hugill, Andrew},
  booktitle={Proceedings of the 9th International Conference on Creativity and Cognition},
  pages={274-280},
  title={{Creative Search Using Pataphysics}},
  year={2013}
}
@incollection{Turing2009,
  author={Turing, Alan},
  booktitle={Parsing the Turing Test},
  chapter={3},
  editor={Epstein, Robert and Roberts, Gary and Beber, Grace},
  isbn={9781402096242},
  pages={23--66},
  publisher={Springer},
  title={{Computing Machinery and Intelligence}},
  year={2009}
}
@online{Searle2011,
  url={http://www.wsj.com/articles/SB10001424052748703407304576154313126987674
  },
  urldate={2016-11-05},
  organization={The Wall Street Journal},
  author={Searle, John},
  title={Watson Doesn't Know It Won on 'Jeopardy!'},
  year={2011}
}
@online{Burnham2015,
  author={Burnham, Douglas},
  title={Immanuel Kant: Aesthetics},
  organization={Internet Encyclopedia of Philosophy},
  url={http://www.iep.utm.edu/kantaest/},
  urldate={2016-11-15},
  year={n.d.}
}
@book{Jarry2006,
  address={London, UK},
  author={Jarry, Alfred},
  editor={Brotchie, Alastair and Edwards, Paul},
  publisher={Atlas Press},
  title={{Collected Works II - Three Early Novels}},
  year={2006}
}
@inbook{Foucault1966,
  location={France},
  author={Foucault, Michel},
  booktitle={The Order of Things},
  chapter={Preface},
  pages={xv - xxiv},
  publisher={Editions Gallimard},
  title={{The Order of Things - Preface}},
  year={1966}
}
@article{Wickson2006,
  author={Wickson, F. and Carew, A.L. and Russell, A.W.},
  journal={Futures},
  number={9},
  pages={1046--1059},
  title={{Transdisciplinary research: characteristics, quandaries and quality}},
  volume={38},
  year={2006}
}
@book{Hugill2012,
  location={Cambridge, MA, USA},
  author={Hugill, Andrew},
  publisher={MIT Press},
  title={{'Pataphysics: A Useless Guide}},
  year={2012}
}
@article{Elton1995,
  author={Elton, Matthew},
  journaltitle={Leonardo},
  number={3},
  pages={207 - 213},
  publisher={The MIT Press},
  title={{Artificial Creativity: Enculturing Computers}},
  volume={28},
  year={1995}
}
@book{Burdick2012,
  location={Cambridge, MA, USA},
  author={Burdick, Anne and Drucker, Johanna and Lunefeld, Peter and Presner, Todd and Schnapp, Jeffrey},
  publisher={MIT Press},
  title={{Digital Humanities}},
  year={2012}
}
@phdthesis{Singh2005,
  author={Singh, Push},
  school={Massachusetts Institute of Technology},
  title={{EM-ONE: An Architecture for Reflect\-ive Common\-sense Thinking}},
  year={2005}
}
@book{Lidwell2010,
  author = {Lidwell, William and Holden, Kritina and Butler, Jill},
  publisher = {Rockport Publishers},
  title = {{Universal Principles of Design}},
  year = {2010}
}
@online{OEDanimal,
  organization={Oxford English Dictionary},
  title={animal, n.},
  label={Dictionary},
  year={2010},
  url={http://www.oed.com/view/Entry/273779},
  urldate={2015-12-10}
}
@online{oxdick2016,
  url={https://en.oxforddictionaries.com/definition/pataphysics},
  urldate={2016-10-10},
  titleaddon={Oxford Dictionaries | English},
  title={pataphysics},
  label={OED},
  year={2016}
}
@online{Yossarian2015,
  title={Yossarian},
  url={https://yossarian.co/},
  urldate={2015-12-02},
  year={2015}
}
@misc{YossarianEmail,
  author={Neeley, J. Paul},
  title={Introducing the NEW Yossarian},
  type={email communication},
  date={2015-12-09}
}
@book{Borges1964,
  author={Borges, Jorge Luis},
  location={New York, USA},
  publisher={New Directions},
  title={Labyrinths - Selected Stories and Other Writings},
  year={1964}
}
@online{Basile2015,
  author={Basile, Jonathan},
  title={The Library of Babel},
  url={https://libraryofbabel.info/},
  urldate={2015-12-10},
  year={2015}
}
@book{Mathews2005,
  location={London, UK},
  author={Mathews, Harry and Brotchie, Alastair},
  publisher={Atlas Press},
  title={{Oulipo Compendium}},
  year={2005}
}
@online{PEP20,
  author={Peters, Tim},
  year={2004},
  title={{PEP 20 --- The Zen of Python}},
  url={https://www.python.org/dev/peps/pep-0020/},
  urldate={2016-04-26}
}
@online{Python2016,
  year={2016},
  label={Python},
  title={Why is it called Python?},
  titleaddon={General Python FAQ},
  url={https://docs.python.org/3/faq/general.html#why-is-it-called-python},
  urldate={2016-11-20}
}
@article{Holz2006,
  author={Holz, Hilary J and Applin, Anne and Joyce, Donald and Purchase, Helen and Reed, Catherine and Haberman, Bruria},
  journal={Innovation and technology in computer science education},
  pages={96--114},
  title={{Research Methods in Computing: What are they, and how should we teach them ?}},
  year={2006}
}
@article{Ramesh2004,
  author={Ramesh, V. and Glass, Robert L. and Vessey, Iris},
  journaltitle={Systems and Software},
  number={1-2},
  pages={165-176},
  title={{Research in computer science: an empirical study}},
  volume={70},
  year={2004}
}
@online{Amaral2006,
  author={Amaral, Jose Nelson and Buro, Michael and Elio, Renee and Hoover, Jim and Nikolaidis, Ioanis and Salavatipour, Mohammad and Stewart, Lorna and Wong, Ken},
  title={{About Computing Science Research Methodology}},
  year={2006},
  organization={{University of Alberta}},
  url={https://webdocs.cs.ualberta.ca/\textasciitilde c603/readings/research-methods.pdf},
  urldate={2016-11-15}
}
@online{Standford2016,
  url={http://shc.stanford.edu/how-humanities-research-conducted},
  urldate={2016-11-06},
  organization={Stanford Humanities Center: Home of the Human Experience},
  title={How is humanities research conducted?},
  label={Stanford},
  year={n.d.}
}
@inproceedings{Malins1995,
  author={Malins, Julian and Gray, Carole},
  title={{Appropriate research methodologies for artists, designers and craftspersons: research as a learning process}},
  booktitle={`Making It': UK Crafts Council Conference},
  note={Invited paper},
  year={1995}
}
@book{Gray2004,
  author={Gray, Carole and Malins, Julian},
  title={{Visualizing research: a guide to the research process in art and design}},
  publisher={Routledge},
  location={New York, USA},
  year={2004}
}
@article{Thomas2007,
  author={Thomas, Sue and Joseph, Chris and Laccetti, Jess and Mason, Bruce and Mills, Simon and Perril, Simon and Pullinger, Kate},
  journaltitle={First Monday},
  number={12},
  title={{Transliteracy: Crossing divides}},
  volume={12},
  year={2007}
}
@article{Nicolescu2010,
  author={Nicolescu, Basarab},
  journaltitle={Transcdisciplinary Journal of Engineering and Science},
  number={1},
  pages={19-38},
  title={{Methodology of Transdisciplinarity - Levels of Reality, Logic of the Included}},
  volume={1},
  year={2010}
}
@article{Yang2013,
  author={Yang, Hongji},
  journaltitle={International journal of Creative Computing},
  number={1},
  pages={1-3},
  title={{Editorial}},
  volume={1},
  year={2013}
}
@article{Edmonds2010,
  author={Edmonds, Ernest and Candy, Linda},
  journal={Leonardo},
  number={5},
  pages={470--476},
  title={{Relating Theory, Practice and Evaluation in Practitioner Research}},
  volume={43},
  year={2010}
}
@online{Searle2015,
  author={Searle, John},
  organization={Talks at Google},
  title={{Consciousness in Artificial Intelligence}},
  label={Consciousness in AI},
  url={https://youtu.be/rHKwIYsPXLg},
  urldate={2016-08-16},
  year={2015}
}
@book{Brotchie2003,
  location={London, UK},
  editor={Brotchie, Alastair and Chapman, Stanley and Foulc, Thieri and Jackson, Kevin},
  publisher={Atlas Press},
  title={{'Pataphysics: Definitions and Citations}},
  year={2003}
}
@book{Brotchie2011a,
  address={London, UK},
  author={Brotchie, Alastair},
  publisher={MIT Press},
  title={{Alfred Jarry: A Pataphysical Life}},
  year={2011}
}
@book{Shattuck1959,
  abstract={The Arts in France 1885 - 1918},
  location={London},
  author={Shattuck, Roger},
  publisher={Faber},
  title={{The Banquet Years}},
  year={1959}
}
@online{Walsh2001,
  author={Walsh, Dave},
  url={http://www.blather.net/theblather/2001/05/alfred\_jarry\_absinthe\_bicycles/},
  organization={Blather.net},
  title={{Alfred Jarry: Absinthe, Bicycles and Merdre}},
  urldate={2016-11-15},
  year={2001}
}
@book{Brotchie2007,
  location={London, UK},
  editor={Brotchie, Alastair and Chapman, Stanley},
  publisher={Atlas Press},
  title={{Necrologies}},
  year={2007}
}
@phdthesis{Cutshall1988,
  author={Cutshall, James Anthony},
  % pages={258},
  school={University of Reading},
  title={{The Figure of the Writer - Alfred Jarry}},
  type={PhD Thesis},
  year={1988}
}
@phdthesis{Dubbelboer2009,
  author={Dubbelboer, Marieke},
  % pages={233},
  school={Rijksuniversiteit Groningen},
  title={{'UBUSING' CULTURE}},
  type={PhD Thesis},
  year={2009}
}
@online{Corbyn2005,
  author={Corbyn, Zo{\"e}},
  url={https://www.theguardian.com/culture/2005/dec/09/8},
  organization={The Guardian},
  title={{An introduction to 'Pataphysics}},
  year={2005}
}
@online{Baudrillard2007,
  author={Baudrillard, Jean},
  translator={Burk, Drew},
  title={{Pataphysics}},
  organization={CTHEORY},
  editor={Kroker, Arthur and Kroker, Marilouise},
  url={http://www.ctheory.net/articles.aspx?id=569},
  urldate={2012-01-21},
  year={2007}
}
@article{Jorn1961,
  annote={Pataphysics as a religion?},
  author={Jorn, Asger},
  journaltitle={Internationale Situationniste},
  title={{Pataphysics - A Religion In The Making}},
  volume={6},
  year={1961}
}
@online{Cruickshank,
  author={Cruickshank, Douglas},
  title={{Why Anti-Matter Matters}},
  url={http://www.ralphmag.org/jarry.html},
  organization={ralphmag.org},
  urldate={2016-11-15},
}
@book{Motte2007,
  location={London},
  author={Motte, Warren},
  isbn={1-56478-187-9},
  publisher={Dalkey Archive Press},
  title={{Oulipo, A primer of potential literature}},
  year={2007}
}
@online{pataphysics2007,
  url={http://www.urbandictionary.com/define.php?term=pataphysics},
  urldate={2016-10-10},
  organization={Urban Dictionary},
  title={pataphysics},
  author={JBlum},
  year={2007}
}
@incollection{Candy2012,
  author={Candy, Linda},
  booktitle={Creativity and Rationale: Enhancing Human Experience by Design},
  editor={Carroll, J.M.},
  publisher={Springer},
  location={London, UK},
  title={Evaluating Creativity},
  year={2012}
}
@incollection{Mayer1999,
  location={New York},
  author={Mayer, Richard E},
  booktitle={Handbook of Creativity},
  chapter={22},
  editor={Sternberg, Robert J},
  pages={449-460},
  publisher={Cambridge University Press},
  title={{Fifty Years of Creativity Research}},
  year={1999}
}
@inproceedings{Jordanous2012,
  author={Jordanous, Anna Katerina and Keller, Bill},
  booktitle={Proceedings of the 3rd International Conference on Computational Creativity},
  pages={216-220},
  title={{Weaving creativity into the Semantic Web: a language-processing approach}},
  year={2012}
}
@book{Poincare2001,
  location={New York},
  author={Poincar{\'e}, Henri},
  editor={Gould, Stephen Jay},
  isbn={0375758488},
  publisher={Modern Library},
  title={{The Value of Science}},
  year={2001}
}
@book{Wallas1926,
  author={Wallas, Graham},
  publisher={Jonathan Cape},
  title={{The Art of Thought}},
  year={1926}
}
@book{Boden2003,
  location={London, UK},
  author={Boden, Margaret},
  isbn={0415314534},
  publisher={Routledge},
  title={{The Creative Mind: Myths and Mechanisms}},
  year={2003}
}
@book{Koestler1964,
  location={London, UK},
  author={Koestler, Arthur},
  isbn={0091282705},
  publisher={Hutchinson and Co},
  title={{The Act of Creation}},
  year={1964}
}
@book{Partridge1994,
  location={Oxford, UK},
  author={Partridge, Derek and Rowe, Jon},
  publisher={Intellect},
  title={{Computers and Creativity}},
  year={1994}
}
@book{Polya1957,
  location={Princeton, New Jersey},
  author={P{\'o}lya, George},
  publisher={Princeton University Press},
  title={{How To Solve It}},
  year={1957}
}
@article{Rhodes1961,
  author={Rhodes, Mel},
  journaltitle={The Phi Delta Kappan},
  number={7},
  pages={305-310},
  title={{An analysis of creativity}},
  volume={42},
  year={1961}
}
@book{Sternberg1999,
  author={Sternberg, Robert J},
  publisher={Cambridge University Press},
  title={{Handbook of creativity}},
  year={1999}
}
@article{Kaufman2009,
  author={Kaufman, James C. and Beghetto, Ronald A.},
  journaltitle={Review of General Psychology},
  number={1},
  pages={1-12},
  title={{Beyond big and little: The four c model of creativity}},
  volume={13},
  year={2009}
}
@article{Beghetto2007,
  author={Beghetto, Ronald A. and Kaufman, James C.},
  journaltitle={Psychology of Aesthetics, Creativity, and the Arts},
  number={2},
  pages={73-79},
  title={{Toward a Broader Conception of Creativity: A Case for `mini-c' Creativity}},
  volume={1},
  year={2007}
}
@incollection{Leary1964,
  address={New York},
  author={Leary, Timothy},
  booktitle={Widening Horizons in Creativity},
  editor={Taylor},
  pages={94--96},
  publisher={Wiley},
  title={{The effects of test score feedback on creative performance and of drugs on creative experience}},
  year={1964}
}
@unpublished{Indurkhya1997,
  author={Indurkhya, Bipin},
  year={1997},
  note={Unpublished manuscript. Based on the keynote speech `On Modeling Mechanisms of Creativity' delivered at Mind II: Computational Models of Creative Cognition},
  title={{Computers and creativity}}
}
@book{Minsky1988,
  author={Minsky, Marvin},
  isbn={0671657135},
  pages={336},
  publisher={Simon and Schuster},
  title={{The Society of Mind}},
  year={1988}
}
@article{Minsky1980,
  author={Minsky, Marvin},
  journaltitle={Cognitive Science},
  number={4},
  pages={117-133},
  title={{K-Lines : A Theory of Memory}},
  volume={33},
  year={1980}
}
@book{Gelernter1994,
  location={London},
  author={Gelernter, David},
  isbn={1-85702-083-9},
  publisher={Fourth Estate Limited},
  title={{The Muse in the Machine}},
  year={1994}
}
@article{Colton2008,
  author={Colton, Simon},
  journaltitle={AISB Quarterly},
  pages={6-7},
  title={{Computational Creativity}},
  year={2008}
}
@inproceedings{Colton2012,
  location={Montpellier, France},
  author={Colton, Simon and Wiggins, Geraint},
  booktitle={Proceedings of the 20th European Conference on Artificial Intelligence},
  pages={21-26},
  % publisher={IOS Press},
  title={Computational Creativity: The Final Frontier?},
  year={2012}
}
@article{Eden2007,
  author={Eden, Amnon},
  journaltitle={Minds and Machines},
  number={2},
  pages={135-167},
  title={{Three Paradigms of Computer Science}},
  volume={17},
  year={2007}
}
@online{iccc2014,
  url={http://computationalcreativity.net/iccc2014/},
  urldate={2016-10-11},
  title={ICCC 2014},
  titleaddon={The Conference},
  label={ICCC},
  year={2014}
}
@book{Drucker2009,
  author={Drucker, Johanna},
  isbn={0226165086},
  publisher={University of Chicago Press},
  title={{SpecLab: Digital Aesthetics and Projects in Speculative Computing}},
  year={2009}
}
@incollection{Drucker2007,
  location={Oxford},
  author={Drucker, Johanna and Nowviskie, B.},
  booktitle={A Companion to Digitial Humanities},
  chapter={29},
  editor={Schreibman, Susan and Unsworth, John and Siemens, Ray},
  publisher={Blackwell Publishing},
  title={{Speculative Computing: Aesthetic Provocations in Humanities Computing}},
  year={2007}
}
@book{Baeza-Yates2011,
  author={Baeza-Yates, Ricardo and Ribeiro-Neto, Berthier},
  publisher={Pearson Education Limited},
  location={Harlow, UK},
  title={{Modern Information Retrieval: The Concepts and Technology Behind Search}},
  url={http://www.mir2ed.org/},
  year={2011}
}
@online{Google2012,
  organization={Google},
  title={{Google Ranking}},
  label={Google},
  url={https://www.google.com/intl/en/about/company/philosophy/},
  urldate={2016-10-26},
  year={2012}
}
@online{Baidu2012,
  organization={Baidu},
  titleaddon={About Baidu},
  title={Company Overview},
  label={Baidu},
  url={http://ir.baidu.com/phoenix.zhtml?c=188488\&p=irol-homeprofile},
  urldate={2012-12-22},
  year={n.d.}
}
@online{Microsoft2012a,
  organization={Microsoft},
  label={Microsoft},
  title={{Bing Fact Sheet}},
  url={http://www.microsoft.com/en-us/news/download/presskits/bing/docs/MSBingAll-UpFS.docx},
  urldate={2012-12-22},
  year={2012}
}
% @article{Brin1998,
%   author={Brin, Sergey and Page, Larry},
%   journaltitle={World Wide Web Internet And Web Information Systems},
%   pages={1-17},
%   title={The PageRank Citation Ranking: Bringing Order to the Web},
%   year={1998}
% }
@techreport{Brin1998,
  % number = {1999-66},
  % month = {November},
  author = {Lawrence Page and Sergey Brin and Rajeev Motwani and Terry Winograd},
  % note = {Previous number = SIDL-WP-1999-0120},
  title = {The PageRank Citation Ranking: Bringing Order to the Web.},
  type = {Technical Report},
  publisher = {Stanford InfoLab},
  year = {1999},
  institution = {Stanford InfoLab},
  url = {http://ilpubs.stanford.edu:8090/422/}
}
@article{Brin1998b,
  author={Brin, Sergey and Page, Larry},
  journaltitle={Computer Networks and ISDN Systems},
  issue={1-7},
  pages={107-117},
  title={The anatomy of a large-scale hypertextual Web search engine},
  volume={30},
  year={1998}
}
@article{Marchionini1988,
  author={Marchionini, Gary and Shneiderman, Ben},
  journaltitle={Computer},
  number={1},
  pages={70-80},
  title={{Finding facts vs. browsing knowledge in hypertext systems}},
  volume={21},
  year={1988}
}
@article{White2004,
  author = {White, Ryen W and Marchionini, Gary},
  title = {{Evaluating Exploratory Search Systems}},
  journaltitle={Information Processing \& Management},
  volume={44},
  issue={433-436},
  year = {2004}
}
@inproceedings{White2013,
  location = {Dublin, Ireland},
  author = {White, Ryen William},
  booktitle = {Proceedings of the 36th International ACM SIGIR Conference on Research and Development in Information Retrieval},
  title = {{Beliefs and biases in web search}},
  year = {2013}
}
@online{CamDict,
  url={http://dictionary.cambridge.org/dictionary/english/bias},
  urldate={2016-10-16},
  organization={Cambridge Dictionary},
  title={Bias},
  label={Dictionary},
  year={n.d.}
}
@online{Google2016,
  url={https://support.google.com/webmasters/answer/182072},
  urldate={2016-10-15},
  organization={Google},
  titleaddon={Search Console Help},
  title={Googlebot},
  label={Google},
  year={n.d.}
}
@online{Bing2016,
  url={https://www.bing.com/webmaster/help/which-crawlers-does-bing-use-8c184ec0},
  urldate={2016-10-15},
  year={n.d.},
  organization={Microsoft Bing},
  titleaddon={Webmaster help and how-to},
  title={Meet our crawlers},
  label={Microsoft}
}
@online{Luke2005,
  url={http://ebible.org/asv/Luke.htm},
  urldate={2016-10-15},
  author={{Saint Luke}},
  organization={Ebible.org},
  title={The Gospel according to St. Luke},
  year=2005
}
@online{Verne2010,
  url={http://www.gutenberg.org/cache/epub/3748/pg3748-images.html},
  urldate={2016-10-15},
  author={Verne, Jules},
  organization={Project Gutenberg},
  title={A Journey to the Interior of the Earth},
  year={2010}
}
@book{Miyamoto2010,
  author={Miyamoto, Sadaaki},
  publisher={Springer},
  title={{Fuzzy Sets in Information Retrieval and Cluster Analysis}},
  titleaddon={Theory and Decision Library},
  year={1990}
}
@article{Miyamoto1988,
  author={Miyamoto, Sadaaki},
  title={{Information Retrieval based on Fuzzy Associations}},
  journaltitle={Fuzzy Sets and Systems - On fuzzy Information and Database Systems},
  volume={38},
  issue={2},
  pages={191-205},
  year={1990}
}
@article{Miyamoto1986,
  author={Miyamoto, Sadaaki and Nakayama, K.},
  journaltitle={IEEE Transactions on Systems, Man and Cybernetics},
  number={2},
  pages={278-282},
  title={{Fuzzy Information Retrieval Based on a Fuzzy Pseudothesaurus}},
  volume={16},
  year={1986}
}
@article{Srinivasan2001,
  author={Srinivasan, P},
  journaltitle={Information Processing and Management},
  number={1},
  pages={15-38},
  title={{Vocabulary mining for information retrieval: rough sets and fuzzy sets}},
  volume={37},
  year={2001}
}
@inproceedings{Widyantoro2001,
  author={Widyantoro, D.H. and Yen, J.},
  booktitle={Proceedings of the 10th IEEE International Conference on Fuzzy Systems},
  pages={1291-1294},
  title={{A fuzzy ontology-based abstract search engine and its user studies}},
  year={2001}
}
@article{Deerwester1990,
  author={Deerwester, Scott and Furnas, George W and Landauer, Thomas K and Harshman, Richard},
  journaltitle={Jour\-nal of the American Society for Infor\-mation Science},
  number={6},
  pages={391-407},
  title={{Indexing by Latent Semantic Analysis}},
  volume={41},
  year={1990}
}
@article{Macdonald2009,
  author={Macdonald, Craig},
  journaltitle={ACM SIGIR Forum},
  volume={43},
  issue={1},
  page={73},
  title={{The Voting Model for People Search}},
  year={2009}
}
@article{Schuetze1998,
  author={Sch{\"u}tze, Hinrich},
  journaltitle={Computational Linguistics},
  title={{Automatic Word Sense Discrimination}},
  volume={24},
  issue={1},
  year={1998}
}
@inproceedings{Schuetze1995,
  author={Sch{\"u}tze, Hinrich and Pedersen, Jan},
  title={Information Retrieval Based on Word Senses},
  year={1995},
  booktitle={Proceedings of the 4th Annual Symposium on Document Analysis and Information Retrieval},
  location={Las Vegas, USA}
}
@article{Sutcliffe1998,
  author={Sutcliffe, Alistrair and Ennis, Mark},
  journaltitle={Interacting with Computers},
  pages={321-351},
  title={{Towards a cognitive theory of information retrieval}},
  volume={10},
  year={1998}
}
@report{DeVries1993,
  author={de Vries, Erica},
  titleaddon={OCTO report 93/02},
  title={{Stretching the initial problem space for design problem solving: Browsing versus searching in network and hierarchy structures}},
  organization={Eindhoven University of Technology},
  year={1993}
}
@article{Marchionini2006,
  author={Marchionini, Gary},
  journaltitle={Communications of the ACM},
  number={4},
  pages={41-46},
  title={{From finding to understanding}},
  volume={49},
  year={2006}
}
@online{Nicole2010,
  url={http://www.searchenginepeople.com/blog/incredible-google-bombs.html},
  urldate={2016-10-18},
  author={Nicole},
  organization={searchenginepeople.com},
  title={The 10 Most Incredible Google Bombs},
  label={Google Bombs},
  year={2010}
}
@online{Wikimedia2012,
  url={https://commons.wikimedia.org/wiki/File:PageRank-hi-res.png},
  urldate={2016-10-18},
  author={Mayhaymate},
  organization={Wikimedia Commons},
  title={File:PageRank-hi-res.png},
  year={2012}
}
@article{Kleinberg1999,
  author={Kleinberg, Jon M.},
  journaltitle={Journal of the ACM},
  number={5},
  pages={604-632},
  title={{Authoritative sources in a hyperlinked environment}},
  volume={46},
  year={1999}
}
@inproceedings{Kleinberg1999a,
  author={Kleinberg, Jon M. and Kumar, Ravi and Raghavan, Prabhakar and Tomkins, Andrew S.},
  booktitle={Proceedings of the 5th International Conference on Computing and Combinatorics},
  title={{The Web as a graph: measurements, models and methods}},
  location={Tokyo, Japan},
  year={1999}
}
@online{Bharat2000,
  author={Bharat, Krishna and Mihaila, George},
  title={{Hilltop: A Search Engine based on Expert Documents}},
  url={ftp://ftp.cs.toronto.edu/csrg-technical-reports/405/hilltop.html},
  urldate={2016-11-15},
  year={2000}
}
@article{DeBra1994,
  author={{De Bra}, Paul and Post, Reinier},
  journaltitle={Computer Networks and ISDN Systems},
  number={2},
  pages={183-192},
  title={{Information retrieval in the World-Wide Web: Making client-based searching feasible}},
  volume={27},
  year={1994}
}
@article{DeBra1994a,
  author={{De Bra}, Paul and Post, Reinier},
  journaltitle={Mosaic: a journal for the Interdisciplinary Study of Literature},
  title={{Searching for Arbitrary Information in the WWW: the Fish Search for Mosaic}},
  year={1994}
}
@inproceedings{DeBra1994b,
  author={{De Bra}, Paul and Houben, Geert-jan and Kornatzky, Yoram and Post, Reinier},
  booktitle={Proceedings of the Intelligent Multimedia Information Retrieval Systems and Management Conference},
  year={1994},
  location={New York, USA},
  title={{Information Retrieval in Distributed Hypertexts}}
}
@article{Hersovici1998,
  author={Hersovici, M and Jacovi, M and Maarek, Y and Pelleg, D and Shtalhaim, M and Ur, S},
  journaltitle={Computer Networks and ISDN Systems},
  number={1-7},
  pages={317-326},
  title={{The shark-search algorithm. An application: tailored Web site mapping}},
  volume={30},
  year={1998}
}
@inproceedings{Luo2005,
  author={Luo, Fang-fang and Chen, Guo-long and Guo, Wen-zhong},
  booktitle={International Conference on Natural Language Processing and Knowledge Engineering},
  pages={523-528},
  % publisher={Ieee},
  title={{An Improved `Fish-search' Algorithm for Information Retrieval}},
  year={2005}
}
@inproceedings{BastosFilho2008,
  author={{Bastos Filho}, Carmelo and {de Lima Neto}, Fernando and Lins, Anthony and Nascimento, Antonio and Lima, Marilia},
  booktitle={Proceedings of the IEEE International Conference on Systems, Man and Cybernetics},
  pages={2646-2651},
  % publisher={IEEE},
  title={{A novel search algorithm based on fish school behavior}},
  year={2008}
}
@article{Nick2001,
  author={Nick, Z.Z. and Themis, P.},
  journaltitle={IEEE Internet Computing},
  number={2},
  pages={18-26},
  title={{Web Search Using a Genetic Algorithm}},
  volume={5},
  year={2001}
}
@inproceedings{Agichtein2006,
  location={Seattle, Washington, USA},
  author={Agichtein, Eugene and Brill, Eric and Dumais, Susan},
  booktitle={Proceedings of the 29th annual international ACM SIGIR conference on Research an Development in Information Retrieval},
  pages={19-26},
  % publisher={ACM Press},
  title={{Improving web search ranking by incorporating user behavior information}},
  year={2006}
}
@inproceedings{Bao2007,
  author={Bao, Shenghua and Wu, Xiaoyuan and Fei, Ben and Xue, Guirong and Su, Zhong and Yu, Yong},
  booktitle={Proceedings of the International World Wide Web Conference},
  pages={501-510},
  title={{Optimizing Web Search Using Social Annotations}},
  year={2007}
}
% @inproceedings{Garcia-Molina2004,
%   author={Garcia-Molina, Hector and Pedersen, Jan and Gyongyi, Zoltan},
%   title={{Combating Web Spam with TrustRank}},
%   year={2004},
%   booktitle={In VLDB},
%   pages={576-587},
%   publisher={Morgan Kaufmann}
% }
@techreport{Garcia-Molina2004,
  author={Zoltan Gyongyi and Hector Garcia-Molina and Jan Pedersen},
  title={Combating Web Spam with TrustRank},
  type={Technical Report},
  publisher={Stanford},
  institution={Stanford InfoLab},
  year={2004},
  url={http://ilpubs.stanford.edu:8090/638/},
}
@article{Glover2001,
  author={Glover, E.J. and Flake, G.W. and Lawrence, Steve and Birmingham, W.P. and Kruger, A. and Giles, C.L. and Pennock, D.M.},
  journaltitle={Proceedings 2001 Symposium on Applications and the Internet},
  pages={23-32},
  publisher={IEEE Computer Soc.},
  title={{Improving category specific Web search by learning query modifications}},
  year={2001}
}
@article{Haveliwala2003,
  author={Haveliwala, Taher H.},
  journaltitle={IEEE Transactions on Knowledge and Data Engineering},
  number={4},
  pages={784-796},
  title={{Topic-Sensitive Page\-Rank: A Context Sensitive Ranking Algorithm for Web Search}},
  volume={15},
  year={2003}
}
@inproceedings{Hotho2006,
  author={Andreas Hotho and Robert Jaeschke and Christoph Schmitz and Gerd Stumme},
  title={Information retrieval in folksonomies: Search and ranking},
  booktitle={Proceedings of the 3rd European Conference on The Semantic Web: Research and Applications},
  year={2006},
  pages={411-426}
  % publisher={Springer}
}
@inproceedings{Jeh2002,
  author={Glen Jeh and Jennifer Widom},
  title={SimRank: A Measure of Structural Context Similarity},
  booktitle={Proceedings of the 8th ACM SIGKDD International Conference on Knowledge Discovery and Data Mining},
  location={Alberta, Canada},
  year={2002},
  pages={538-543}
}
@article{Shu1999,
  author={Shu, Bo and Kak, Subhash},
  journaltitle={Information Sciences: Informatics and Computer Science},
  title={{A neural network-based intelligent meta\-search engine}},
  volume={120},
  issue={1-4},
  pages={1-11},
  year={1999}
}
@inproceedings{Du2007,
  author={Du, Zhi-Qiang and Hu, Jing and Yi, Hong-Xia and Hu, Jin-Zhu},
  booktitle={International Conference on Wireless Communications, Networking and Mobile Computing},
  pages={5398-5401},
  % publisher={IEEE},
  title={{The Research of the Semantic Search Engine Based on the Ontology}},
  year={2007}
}
@inproceedings{Ding2004,
  author={Li Ding and Tim Finin and Anupam Joshi and Rong Pan and R. Scott and Cost Yun Peng and Pavan Reddivari and Vishal Doshi and Joel Sachs},
  title={Swoogle: A semantic web search and metadata engine},
  booktitle={Proceedings of the 13th ACM Conference on Information and Knowledge Management},
  year={2004}
}
@techreport{Kamps2010,
  author={Kamps, Jaap and Kaptein, Rianne and Koolen, Marijn},
  title={Using Anchor Text , Spam Filtering and Wikipedia for Web Search and Entity Ranking},
  % institution={},
  year={2010}
}
@phdthesis{Taye2009,
  author={Taye, Mohammad Mustafa},
  booktitle={I Can},
  school={De Montort University},
  title={{Ontology Alignment Mechanisms for Improving Web-based Searching}},
  year={2009}
}
@article{Dean2003,
  author={Dean, Jeffrey and Barroso, Luiz Andre and Hoelzle, Urs},
  journaltitle={IEEE Micro},
  pages={22-28},
  title={{Web Search for a Planet: The Google Cluster Architecture}},
  year={2003}
}
@book{Jurafsky2009,
  location={London},
  author={Jurafsky, Daniel and Martin, James H},
  publisher={Pearson Education},
  title={{Speech and Language Processing}},
  year={2009}
}
@book{Bird2009,
  location={Sebasopol, CA},
  author={Bird, Steven and Klein, Ewan and Loper, Edward},
  isbn={978-0-596-51649-9},
  publisher={O'Reilly Media},
  title={{Natural Language Processing with Python}},
  year={2009}
}
@online{NLTK2016,
  url={http://www.nltk.org/},
  urldate={2016-10-18},
  organization={NLTK Project},
  title={Natural Language Toolkit},
  titleaddon={NLTK 3.0 documentation},
  label={NLTK},
  year={n.d.}
}
@online{Princeton2010,
  url={http://wordnet.princeton.edu},
  urldate={2016-10-20},
  organization={Princeton University},
  titleaddon={WordNet: A lexical database for English},
  title={What is WordNet?},
  label={WordNet},
  year={n.d.}
}
@book{Manning2009,
  author={Manning, Christopher and Raghavan, Prabhakar and Schuetze, Hinrich},
  publisher={Cambridge University Press},
  title={{Introduction to Information Retrieval}},
  url={http://informationretrieval.org},
  year={2009}
}
@article{Miller1995,
  author={Miller, George A.},
  journaltitle={Communications of the ACM},
  number={11},
  pages={39--41},
  title={{WordNet: a lexical database for English}},
  url={http://portal.acm.org/citation.cfm?doid=219717.219748},
  volume={38},
  year={1995}
}
@online{WikipediaA,
  url={https://en.wikipedia.org/wiki/Damerau-Levenshtein\_distance},
  urldate={2016-10-23},
  organization={Wikipedia},
  title={Damerau-Levenshtein distance},
  label={DL Distance},
  year={n.d.}
}
@article{Damerau1964,
  author={Damerau, Fred},
  journal={Communications of the ACM},
  number={3},
  pages={171--176},
  title={{A Technique for Computer Detection and Correction of Spelling Errors}},
  volume={7},
  year={1964}
}
@article{Levenshtein1966,
  author={Levenshtein, Vladimir I},
  journal={Soviet Physics Doklady},
  number={8},
  pages={707--710},
  title={{Binary codes capable of correcting deletions, insertions, and reversals }},
  volume={10},
  year={1966}
}
@article{Marcus1993,
  author={Marcus, Mitchell P and Santorini, Beatrice and Marcinkiewicz, Mary Ann},
  journaltitle={Computational Linguistics},
  number={2},
  title={{Building a Large Annotated Corpus of English: The Penn Treebank}},
  volume={19},
  year={1993}
}
@online{Nist2016,
  url={http://trec.nist.gov/},
  urldate={2016-10-20},
  label={TREC},
  organization={National Institute of Standards and Technology},
  title={Text REtrieval Conference (TREC)},
  year={2016}
}
@online{Trec2011,
  url={http://ir.dcs.gla.ac.uk/test\_collections/},
  urldate={2016-10-20},
  organization={University of Glasgow},
  titleaddon={Web Research Collections},
  title={TREC Web, Terabyte \& Blog Tracks},
  label={TREC},
  year={2011}
}
@inproceedings{Sawle2011,
  location={Rome},
  author={Sawle, James and Raczinski, Fania and Yang, Hongji},
  booktitle={Proceedings of the 3rd International Conference on Creative Content Technologies},
  pages={54-57},
  title={{A Framework for Creativity in Search Results}},
  year={2011}
}
@inbook{Schmidhuber2006a,
  title={New millennium AI and the Convergence of history},
  author={Schmidhuber, J{\"u}rgen},
  editor={Eden, Amnon and Moor, James and Soraker, Johnny and Steinhart, Eric},
  booktitle={Singularity Hypotheses},
  pages={60-82},
  year={2006}
}
@inproceedings{Pease2011,
  author={Pease, Alison and Colton, Simon},
  booktitle={Proceedings of the Artificial Intelligence and Simulation of Behaviour Conference},
  title={{On impact and evaluation in Computational Creativity: A discussion of the Turing Test and an alternative proposal}},
  year={2011}
}
@inproceedings{Colton2001,
  author={Colton, Simon and Pease, Alison and Ritchie, Graeme},
  booktitle={Proceedings of the 1st International Conference on Case-based Reasoning},
  title={The Effect of Input Knowledge on Creativity},
  year={2001}
}
@inproceedings{Pease2013,
  location={Sydney, Australia},
  author={Pease, Alison and Colton, Simon and Ramezani, Ramin and Charnley, John and Reed, Kate},
  booktitle={Proceedings of the 4th International Conference on Computational Creativity},
  pages={64-71},
  publisher={University of Sydney},
  title={{A Discussion on Serendipity in Creative Systems}},
  year={2013}
}
@article{Ritchie2007,
  author={Ritchie, Graeme},
  journaltitle={Minds and Machines},
  number={1},
  pages={67-99},
  title={{Some Empirical Criteria for Attributing Creativity to a Computer Program}},
  volume={17},
  year={2007}
}
@inproceedings{Ritchie2001,
  author={Ritchie, Graeme},
  booktitle={Proceedings of Symposium on Artificial Intelligence and Creativity in Arts and Science},
  pages={3-11},
  title={{Assessing creativity}},
  year={2001}
}
@inproceedings{Ventura2008,
  location={Madrid, Spain},
  author={Ventura, Dan},
  booktitle={Proceedings of the 5th International Joint Workshop on Computational Creativty},
  title={{A Reductio Ad Absurdum Experiment in Sufficiency for Evaluating (Computational) Creative Systems}},
  year={2008}
}
@inproceedings{Colton2008a,
  author={Colton, Simon},
  title={Creativity versus the perception of creativity in computational systems},
  booktitle={Proceedings of the 23rd AAAI Spring Symposium on Creative Intelligent Systems},
  location={Chicago, Illinois, USA},
  year={2008}
}
@article{Piffer2012,
  author={Piffer, Davide},
  journaltitle={Thinking Skills and Creativity},
  number={3},
  pages={258-264},
  publisher={Elsevier Ltd},
  title={{Can creativity be measured? An attempt to clarify the notion of creativity and general directions for future research}},
  volume={7},
  year={2012}
}
@phdthesis{Jordanous2012a,
  author={Jordanous, Anna Katerina},
  school={University of Sussex},
  title={{Evaluating Computational Creativity: A Standardised Procedure for Evaluating Creative Systems and its Application}},
  year={2012}
}
@inproceedings{Jordanous2011,
  author={Jordanous, Anna Katerina},
  booktitle={Proceedings of the Second International Conference on Computational Creativity},
  title={{Evaluating Evaluation : Assessing Progress in Computational Creativity Research}},
  year={2011}
}
@article{Wiggins2006,
  author={Wiggins, Geraint A},
  journaltitle={Knowledge Based Systems},
  number={7},
  pages={449 - 458},
  title={{A preliminary framework for description, analysis and comparison of creative systems}},
  volume={19},
  year={2006}
}
@inproceedings{Ritchie2012,
  author={Ritchie, Graeme},
  booktitle={Proceedings of the International Conference on Computational Creativity},
  pages={41--48},
  title={{A closer look at creativity as search}},
  year={2012}
}
@inproceedings{Pease2001,
  author={Pease, Alison and Winterstein, Daniel and Colton, Simon},
  booktitle={Proceedings of ICCBR Workshop on Approaches to Creativity},
  pages={129-137},
  title={{Evaluating Machine Creativity}},
  year={2001}
}
@incollection{Stahl2013,
  author={Stahl, Bernd Carsten and Jirotka, Marina and Eden, Grace},
  booktitle={Responsible Innovation},
  chapter={11},
  editor={Owen, Richard},
  pages={199-218},
  publisher={John Wiley and Sons},
  title={{Responsible Research and Innovation in Information and Communication Technology: Identifying and Engaging with the Ethical Implications of ICTs}},
  year={2013}
}
@article{Heilman2003,
  author={Heilman, Kenneth M and Nadeau, Stephen E and Beversdorf, David O},
  journaltitle={Neurocase},
  number={5},
  pages={369-79},
  title={{Creative innovation: possible brain mechanisms.}},
  volume={9},
  year={2003}
}
@book{Newell1963,
  location={New York},
  author={Newell, A and Shaw, J. G. and Simon, H. A.},
  publisher={Atherton},
  title={{The Process Of Creative Thinking}},
  year={1963}
}
@article{Hugill2013d,
  author={Hugill, Andrew and Yang, Hongji and Raczinski, Fania and Sawle, James},
  journaltitle={Digital Creativity},
  number={3},
  pages={237-251},
  title={{The pataphysics of creativity: developing a tool for creative search}},
  volume={24},
  year={2013}
}
@book{Candy2011,
  editor={Candy, Linda and Edmonds, Ernest},
  publisher={Libri Publishing},
  title={Interacting: Art, Research and the Creative Practitioner},
  location={Faringdon, UK},
  year={2011}
}
@online{Copeland2016,
  url={http://blogs.bl.uk/sound-and-vision/2016/09/restoring-the-first-recording-of-computer-music.html},
  urldate={2016-10-26},
  author={Copeland, Jake and Long, Jason},
  organization={British Library},
  titleaddon={Sound and vision blog},
  title={Restoring the first recording of computer music},
  year={2016}
}
@book{Maeda2001,
  title={Design by Numbers},
  publisher={MIT Press},
  author={Maeda, John},
  year={2001}
}
@book{Chalmers1996,
  author={Chalmers, David},
  publisher={Oxford University Press},
  title={The Conscious Mind},
  subtitle={In Search of a Fundamental Theory},
  year={1996}
}
@inproceedings{Mcbride2012,
  author={McBride, Neil},
  number={July},
  pages={10--15},
  title={{A Robot Ethics: The EPSRC Principles and the Ethical Gap}},
  booktitle={{AISB / IACAP World Congress 2012 Framework for Responsible Research and Innovation in AI}},
  year={2012}
}
@article{Kim2012,
  author={Kim, Youjeong and Sundar, S. Shyam},
  journal={Computers in Human Behavior},
  number={1},
  pages={241--250},
  publisher={Elsevier Ltd},
  title={{Anthropomorphism of computers: Is it mindful or mindless?}},
  volume={28},
  year={2012}
}
@online{Wired2011,
  title={Patrick Tresset's robots draw faces and doodle when bored}, url={http://www.wired.co.uk/news/archive/2011-06/17/sketching-robots},
  organization={Wired UK},
  author={Brown, Mark},
  year={2011},
  urldate={2016-01-24}
}
@online{Cohen1999,
  author={Cohen, Harold},
  title={Colouring Without Seeing: A Problem in Machine Creativity},
  organization={{Kurzweil CyberArt Technologies}},
  url={http://www.kurzweilcyberart.com/aaron/pdf/colouringwithoutseeing.pdf},
  urldate={2016-01-24},
  year={1999}
}
@online{Barthes1967,
  title={The Death of the Author},
  author={Barthes, Roland},
  year={1967},
  organization={UbuWeb},
  titleaddon={Aspen 5+6},
  url={http://www.ubu.com/aspen/aspen5and6/threeEssays.html/#barthes},
  urldate={2016-01-26}
}
@techreport{Walker2012,
  author={Walker, Richard},
  institution={HBP-PS Consortium},
  title={{The Human Brain Project}},
  year={2012}
}
@article{Turing1950,
  author={Turing, Alan},
  journal={Mind},
  pages={433--460},
  title={{Computing Machinery and Intelligence}},
  url={http://loebner.net/Prizef/TuringArticle.html},
  urldate={2016-01-23},
  volume={59},
  year={1950}
}
@article{Searle1980,
  author={Searle, John},
  journal={Behavioral and Brain Sciences},
  number={3},
  pages={417--457},
  title={{Minds, Brains, and Programs}},
  volume={3},
  year={1980}
}
@incollection{Hofstadter1981,
  author={Hofstadter, Douglas},
  booktitle={The Mind's I},
  chapter={26},
  editor={Hofstadter, Douglas and Dennett, Daniel},
  isbn={0-465-03091-2},
  pages={430--460},
  publisher={Basic Books},
  title={{A Conversation with Einstein's Brain}},
  year={1981}
}
@online{Dijkstra1988,
  author={Dijkstra, Edsger},
  title={On the Cruelty of Really Teaching Computing Science},
  url={http://www.cs.utexas.edu/users/EWD/transcriptions/EWD10xx/EWD1036.html
  },
  urldate={2016-01-17},
  year={1988}
}
@article{Schmidhuber2006,
  author={Schmidhuber, J{\"u}rgen},
  journal={Connection Science},
  number={2},
  pages={173--187},
  title={{Developmental robotics, optimal artificial curiosity, creativity, music, and the fine arts}},
  volume={18},
  year={2006}
}
@online{Ronacher2016,
  url={http://flask.pocoo.org/},
  urldate={2016-10-31},
  author={Ronacher, Armin},
  title={Flask: web development, one drop at a time},
  year={n.d.}
}
@online{Gunicorn2016,
  url={http://gunicorn.org/},
  urldate={2016-10-31},
  title={Gunicorn: Python WSGI HTTP Server for UNIX},
  label={Gunicorn},
  year={n.d.}
}
@online{Gutenberg2016,
  url={https://www.gutenberg.org/},
  urldate={2016-11-01},
  title={Free ebooks},
  organization={Project Gutenberg},
  label={Gutenberg},
  year={2016}
}
@online{Copyright2015,
  url={https://www.copyrightservice.co.uk/ukcs/docs/edupack.pdf},
  urldate={2016-11-01},
  organization={UK Copyright Service},
  title={UK Copyright Law},
  label={Copyright},
  titleaddon={Factsheet No. P-01},
  label={Copyright},
  year={2015}
}
@online{Copyright2012,
  url={http://www.copyrightservice.co.uk/copyright/p22\_derivative\_works},
  urldate={2016-11-01},
  organization={UK Copyright Service},
  title={Derivative works},
  label={Copyright},
  titleaddon={Factsheet No. P-22},
  year={2012}
}
@online{Shakespeare2011,
  url={http://www.gutenberg.org/cache/epub/100/pg100-images.html},
  urldate={2016-10-30},
  author={Shakespeare, William},
  publisher={{Project Gutenberg}},
  title={The Complete Works},
  year={2011}
}
@online{TranslatorAPI,
  organization={Microsoft},
  titleaddon={Microsoft DataMarket},
  title={{Microsoft Translator - Text Translation}},
  label={Microsoft},
  url={https://datamarket.azure.com/dataset/bing/microsofttranslator},
  urldate={2016-08-07},
  year={2011}
}
@online{FlickrGuideAPI,
  organization={Flickr},
  titleaddon={The Flickr Developer Guide: API},
  title={{Getting Started}},
  label={Flickr},
  url={https://www.flickr.com/services/developer/api/},
  urldate={2016-08-07},
  year={n.d.}
}
@online{FlickrAPI,
  organization={Flickr},
  titleaddon={The App Garden},
  title={{flickr.photo.search}},
  label={Flickr},
  url={https://www.flickr.com/services/api/flickr.photos.search.html},
  urldate={2016-08-07},
  year={n.d.}
}
@online{GettyOverviewAPI,
  organization={Getty},
  titleaddon={Getty Images API},
  title={{API Overview}},
  label={Getty},
  url={http://developers.gettyimages.com/api/docs/v3/api-overview.html},
  urldate={2016-08-07},
  year={n.d.}
}
@online{GettyAPI,
  organization={Getty},
  titleaddon={Getty Images API},
  title={{Search For Creative Images}},
  label={Getty},
  url={http://developers.gettyimages.com/api/docs/v3/search/images/creative/get/},
  urldate={2016-08-07},
  year={n.d.}
}
@online{BingAPI,
  organization={Microsoft},
  titleaddon={Microsoft Developer Network},
  title={{Image Search API Reference}},
  label={Microsoft},
  url={https://msdn.microsoft.com/en-us/library/dn760791.aspx},
  urldate={2016-08-07},
  year={n.d.}
}
@online{BingAzureAPI,
  organization={Microsoft},
  titleaddon={Microsoft DataMarket},
  title={{Bing Search API}},
  label={Microsoft},
  url={http://datamarket.azure.com/dataset/bing/search#schema},
  urldate={2016-08-07},
  year={2012}
}
@online{YouTubeAPI,
  organization={Google},
  titleaddon={YouTube Data API},
  title={{Search: list}},
  label={YouTube},
  url={https://developers.google.com/youtube/v3/docs/search/list},
  urldate={2016-08-07},
  year={n.d.}
}
@online{JSON2016,
  url={http://www.json.org/},
  urldate={2016-10-31},
  organization={json.org},
  title={Introducing JSON},
  titleaddon={ECMA-404 The JSON Data Interchange Standard},
  label={JSON},
  year={n.d.}
}
@online{Jinja2016,
  url={http://jinja.pocoo.org/docs/dev/},
  urldate={2016-11-01},
  author={Ronacher, Armin},
  organization={pocoo.org},
  title={Welcome to Jinja2},
  year={2008}
}
@online{DYNWEB2016,
  url={http://www.dyn-web.com/code/scroll/horiz.php},
  urldate={2016-11-01},
  organization={Dynamic Web Coding},
  title={Horizontal Scrolling with JavaScript},
  label={Dyn Web},
  year={n.d.}
}
@thesis{Dennis2016,
  author={Dennis, Andrew},
  year={2016},
  type={BA Thesis},
  title={{Investigation of a patadata-based ontology for text based search and replacement}},
  school={University of London}
}
@online{Dennis2016a,
  url={https://andydennis.github.io/patalib/},
  urldate={2016-11-02},
  author={Dennis, Andrew},
  organization={GitHub},
  title={PataLib a Pataphysical toolkit for Python},
  year={2016}
}
@online{Evans2016,
  url={http://yaml.org/},
  urldate={2016-11-02},
  author={Evans, Clark},
  title={YAML 1.2},
  titleaddon={YAML: YAML Ain't Markup Language},
  year={2016}
}
@online{Hugill2014,
  url={http://www.theimaginaryvoyage.com/},
  urldate={2016-11-02},
  author={Hugill, Andrew and Scott, Lee},
  title={The Imaginary Voyage (an online opera)},
  year={2014}
}
@article{Hugill2013a,
  author={Hugill, Andrew and Scott, Lee},
  journal={Digital Creativity},
  number={3},
  pages={268--273},
  title={{The Imaginary Voyage: an online opera}},
  volume={24},
  year={2013}
}
@online{Mahogany2016,
  url={http://www.mahoganyoperagroup.co.uk/},
  urldate={2016-11-02},
  title={Mahogany Opera Group},
  label={Mahogany},
  year={n.d.}
}
@online{Hugill2014a,
  url={http://theimaginaryvoyage.com/Islands/Amorphous/amorphous\_isle\_high.php},
  urldate={2016-11-02},
  author={Hugill, Andrew and Scott, Lee},
  titleaddon={The Imaginary Voyage (an online opera)},
  title={Amorphous Isle},
  year={2014}
}
@misc{Scott2014,
  author={Scott, Lee},
  howpublished={private communication},
  date={2014-05-26}
}
@online{Clark2014,
  url={https://www.flickr.com/photos/seancuttlefish/sets/72157646116801940/},
  urldate={2016-11-03},
  author={Clark, Sean},
  organization={Flickr},
  title={IOCT PhD Showcase 2014},
  year={2014}
}
@online{Clark2015a,
  url={https://vimeo.com/142947457},
  urldate={2016-11-03},
  author={Clark, Sean},
  organization={Vimeo},
  title={CAS Talk: IOCT - Fania Raczinski (2015)},
  year={2015}
}
@online{Clark2015,
  url={http://interactlabs.co.uk/news/2015/10/ioct-talks---videos-now-available},
  urldate={2016-11-03},
  author={Clark, Sean},
  organization={Phoenix | Interact Labs},
  title={IOCT Talks - Videos Now Available},
  year={2015}
}
@online{Trans2013,
  url={https://www.youtube.com/watch?v=UxYUZMyPE0o},
  urldate={2016-11-03},
  author={{Transdisciplinary DMU}},
  shortauthor={TDC},
  organization={YouTube},
  title={The Pataphysics of the Future},
  year={2013}
}
@online{Ricciardi2014,
  url={http://www.patakosmos.com/tool\_pataphysical\_search/},
  urldate={2016-11-03},
  author={Ricciardi, Giovanni},
  organization={Patakosmos.com},
  title={Pataphysical Search Tool},
  year={2014}
}
@misc{Musee2016,
  author={{Mus{\'e}e Patam{\'e}canique}},
  howpublished={private communication},
  date={2016-10-13}
}
@online{GoogleCI,
  organization={Google},
  titleaddon={Inside Search},
  title={Crawling and Indexing},
  label={Crawling},
  url={https://www.google.com/insidesearch/howsearchworks/crawling-indexing.html},
  urldate={2016-08-04},
  year={n.d.}
}
@incollection{Horn2009,
  author={Horn, Robert},
  booktitle={Parsing the Turing Test},
  chapter={5},
  editor={Epstein, Robert and Roberts, Gary and Beber, Grace},
  pages={73--88},
  publisher={Springer},
  title={{The Turing Test: Mapping and Navigating the Debate}},
  year={2009}
}
@article{Menabrea1842,
  author={Menabrea, L. F. and Lovelace, Ada},
  journal={Bibliotheque Universelle de Geneve},
  number={82},
  title={{Sketch of The Analytical Engine, Invented by Charles Babbage}},
  url={http://www.fourmilab.ch/babbage/sketch.html},
  urldate={2016-08-25},
  year={1842}
}
@misc{Turing1951,
  titleaddon={BBC Third Programme},
  author={Turing, Alan},
  title={{Can digital computers think?}},
  year={1951},
  type={Radio Broadcast},
  url={http://www.turingarchive.org/viewer/?id=459\&title=1},
  urldate={2016-08-23}
}
@online{Searle1990,
  author={Searle, John},
  organization={American Philosophical Association},
  title={{Is the Brain a Digital Computer?}},
  url={http://users.ecs.soton.ac.uk/harnad/Papers/Py104/searle.comp.html},
  year={1990}
}
@online{Searle1998,
  author={Searle, John},
  organization={The DANA Foundation},
  journal={Cerebrum},
  title={{Brains and Machines: Correcting Some -Famous Mistakes-}},
  url={http://www.dana.org/Cerebrum/Default.aspx?id=39214},
  year={1998},
  urldate={2016-11-15}
}
@online{Chatham2007,
  url={http://scienceblogs.com/developingintelligence/2007/03/27/why-the-brain-is-not-like-a-co/},
  urldate={2016-11-03},
  author={Chatham, Chris},
  organization={ScienceBlogs},
  titleaddon={Developing Intelligence},
  title={10 Important Differences Between Brains and Computers},
  year={2007}
}
@book{Kurzweil2013,
  address={London},
  author={Kurzweil, Ray},
  publisher={Duckworth Overlook},
  title={{How to Create a Mind}},
  year={2013}
}
@article{Fu2016,
  author={Fu, Haohuan and Liao, Junfeng and Yang, Jinzhe and Wang, Lanning and Song, Zhenya and Huang, Xiaomeng and Yang, Chao and Xue, Wei and Liu, Fangfang and Qiao, Fangli and Zhao, Wei and Yin, Xunqiang and Hou, Chaofeng and Zhang, Chenglong and Ge, Wei and Zhang, Jian and Wang, Yangang and Zhou, Chunbo and Yang, Guangwen},
  journal={Science China Information Sciences},
  number={7},
  pages={1--16},
  title={{The Sunway TaihuLight supercomputer: system and applications}},
  volume={59},
  year={2016}
}
@online{Top2016,
  url={https://www.top500.org/lists/2016/06/},
  urldate={2016-11-04},
  organization={{Top 500}},
  title={TOP 10 Sites for June 2016},
  label={Top 500},
  year={2016}
}
@online{Jabr2012,
  url={https://www.scientificamerican.com/article/thinking-hard-calories/},
  urldate={2016-11-04},
  author={Jabr, Ferris},
  organization={Scientific American},
  titleaddon={Mind},
  title={Does Thinking Really Hard Burn More Calories?},
  year={2012}
}
@article{Schulman2009,
  author={Schulman, Ari},
  journal={The New Atlantis},
  pages={46--68},
  title={{Why Minds Are Not Like Computers}},
  volume={23},
  year={2009}
}
@online{Cohen2007,
  author={Cohen, Harold}, 
  title={Toward a Diaper-Free Autonomy},
  titleaddon={Museum of Contemporary Art},
  location={San Diego, USA},
  organization={aaronshome.com},
  year={2007},
  url={http://aaronshome.com/aaron/publications/index.html},
  urldate={2016-08-15}
}
@online{Cohen2016,
  organization={aaronshome.com},
  author={Cohen, Paul},
  title={{Harold Cohen Obituary}},
  year={2016},
  url={http://aaronshome.com/aaron/publications/Harold-Cohen-Obituary-by-Paul-Cohen.pdf},
  urldate={2016-08-15}
}
@online{VA2016,
  url={http://collections.vam.ac.uk/name/cohen-harold/6433/},
  urldate={2016-11-05},
  organization={Victoria and Albert},
  titleaddon={Search the Collections},
  title={Harold Cohen},
  label={Cohen, Harold},
  year={2016}
}
@online{IBM2016,
  url={http://www.ibm.com/watson/},
  urldate={2016-11-05},
  organization={IBM},
  label={IBM},
  title={Go beyond artificial intelligence with Watson},
  year={n.d.}
}
@online{Fingas2016,
  url={https://www.engadget.com/2016/08/07/ibms-watson-ai-saved-a-woman-from-leukemia/},
  urldate={2016-11-05},
  organization={Engadget UK},
  author={Fingas, John},
  title={IBM's Watson AI saved a woman from leukemia},
  year={2016}
}
@online{Munroe2015,
  url={https://xkcd.com/1619/},
  urldate={2016-11-05},
  organization={XKCD},
  author={Munroe, Randall},
  title={Watson Medical Algorithm},
  year={2015}
}
@online{Tay2016,
  url={https://web.archive.org/web/20160414074049/https://www.tay.ai/},
  urldate={2016-11-05},
  organization={Internet Archive Wayback Machine},
  title={Microsoft: About Tay andPrivacy},
  label={Microsoft},
  year={2016}
}
@online{Tayandyou2016,
  url={https://twitter.com/tayandyou},
  urldate={2016-11-05},
  organization={Twitter},
  author={Microsoft},
  title={Tay.AI},
  titleaddon={@tayandyou},
  year={2016}
}
@online{Hunt2016,
  url={https://www.theguardian.com/technology/2016/mar/24/tay-microsofts-ai-chatbot-gets-a-crash-course-in-racism-from-twitter},
  urldate={2016-11-05},
  organization={The Guardian},
  author={Hunt, Elle},
  title={Tay, Microsoft's AI chatbot, gets a crash course in racism from Twitter},
  year={2016}
}
@online{Gibbs2016,
  url={https://www.theguardian.com/technology/2016/mar/30/microsoft-racist-sexist-chatbot-twitter-drugs},
  urldate={2016-11-05},
  organization={The Guardian},
  author={Gibbs, Samuel},
  title={Microsoft's racist chatbot returns with drug-smoking Twitter meltdown},
  year={2016}
}
@online{DeepMind2016,
  url={https://deepmind.com/research/alphago/},
  urldate={2016-11-05},
  organization={Google},
  title={AlphaGo},
  titleaddon={Deep Mind},
  label={Google},
  year={n.d.}
}
@online{Hassabis2016,
  url={https://blog.google/topics/machine-learning/alphago-machine-learning-game-go/},
  urldate={2016-11-05},
  author={Hassabis, Demis},
  % organization={Google},
  titleaddon={Google Blog},
  title={AlphaGo: using machine learning to master the ancient game of Go},
  year={2016}
}
@online{Sophia2016,
  url={http://sophiabot.com/},
  urldate={2016-11-05},
  title={Sophia AI},
  label={Sophia},
  organization={Hanson Robotics},
  year={2016}
}
@online{Hanson2016,
  url={http://www.hansonrobotics.com/},
  urldate={2016-11-05},
  organization={Hanson Robotics},
  title={We bring robots to life},
  label={Hanson},
  year={2016}
}
@online{Git2016,
  url={https://github.com/git/git/blob/master/README.md},
  urldate={2016-11-05},
  organization={GitHub},
  titleaddon={git/README.md},
  title={Git - fast, scalable, distributed revision control system},
  label={Git},
  year={2016}
}
@online{GitHub2016,
  url={https://github.com/},
  urldate={2016-11-05},
  title={GitHub},
  year={2016}
}
@online{Michelsen2016,
  url={http://regexcrossword.com/},
  urldate={2016-10-19},
  author={Michelsen, Maria Hagsten and Michelsen, Ole Bjorn},
  organization={RegexCrossword.com},
  title={Regex Crossword},
  year={2016}
}
@online{Wikimedia2014,
  url={https://commons.wikimedia.org/wiki/File:Precisionrecall.svg},
  urldate={2016-10-20},
  author={Walber},
  organization={Wikimedia Commons},
  title={File:Precisionrecall.svg},
  year={2014}
}
@inproceedings{Raczinski2016,
  author={Raczinski, Fania and Everitt, Dave},
  booktitle={International Symposium of Creative Computing},
  title={{Creative Zombie Apocalypse: A Critique of Computer Creativity Evaluation}},
  location={Oxford, UK},
  year={2016}
}
@online{Homer2009,
  url={https://web.archive.org/web/20100602093104/http://mwh.geek.nz/2009/04/26/python-damerau-levenshtein-distance/},
  urldate={2016-10-31},
  author={Homer, Michael},
  organization={Internet Archive Wayback Machine},
  title={Python Damerau-Levenshtein distance implementation},
  year={2009}
}
@article{Efron1976,
  author={Efron, Bradley and Thisted, Ronald},
  journal={Biometrika},
  number={3},
  pages={435--447},
  title={{Estimating the number of unseen species: How many words did Shakespeare know?}},
  volume={63},
  year={1976}
}
@online{Spoonmaster2016,
  url={http://www.spoonbill.org/n+7/},
  urldate={2016-11-20},
  author={Spoonmaster},
  title={{The N+7 Machine}},
  label={{N+7}},
  year={2016}
}
@online{Wordnik2016,
  url={http://developer.wordnik.com/docs.html#!/word/getTextPronunciations\_get\_5},
  urldate={2016-11-05},
  title={developer.wordnik.com},
  label={Wordnik},
  year={2016}
}
@online{Winter2016,
  url={https://artybollocks.com/},
  urldate={2016-11-05},
  author={Winter, Joke de},
  title={ArtyBollocks Generator},
  year={2016}
}
@online{Stribling2016,
  url={https://pdos.csail.mit.edu/archive/scigen/},
  urldate={2016-11-05},
  author={Stribling, Jeremy and Krohn, Max and Aguayo, Dan},
  title={SCIgen - An Automatic CS Paper Generator},
  year={2016}
}
@online{Dada2016,
  url={http://dev.null.org/dadaengine/},
  urldate={2016-11-05},
  organization={dev.null.org},
  title={The Dada Engine},
  label={Dada Engine},
  year={2016}
}
@online{Heisenberg1942,
  author={Heisenberg, Werner},
  translator={Rumscheidt, M.B. and Lukens, N.},
  title={{Ordnung der Wirklichkeit}},
  year={1942},
  url={http://werner-heisenberg.unh.edu/t-OdW-english.htm#seg42},
  urldate={2015-12-22}
}
@online{TBL1998,
  author={Berners-Lee, Tim},
  organization={W3C},
  title={Web Architecture from 50,000 feet},
  year={1998},
  url={http://www.w3.org/DesignIssues/Architecture.html},
  urldate={2016-11-16}
}
@online{mestudio2010,
  url={http://www.mestudio.info/2010/02/28/one-hundred-thousand-billion-poems/},
  urldate={2016-11-11},
  organization={ME studio},
  author={Pyper, Martin},
  title={one hundred thousand billion poems},
  year={2010}
}
@online{McDonald2016,
  url={https://medium.com/@kcimc/a-return-to-machine-learning-2de3728558eb#.662a854dl},
  urldate={2016-11-11},
  author={McDonald, Keith},
  organization={Medium.com},
  title={A Return to Machine Learning},
  year={2016}
}
@inproceedings{Veale2013,
  author={Veale, Tony},
  booktitle={Proceedings of the Fourth International Conference on Computational Creativity},
  pages={16-23},
  title={{Once More, With Feeling! Using Creative Affective Metaphors to Express Information Needs}},
  year={2013}
}
@inproceedings{Liapis2013,
  author={Liapis, Antonios and Mart{\'i}nez, H{\'e}ctor and Tongelius, Julian and Yannakakis, Georgios},
  booktitle={Proceedings of the Fourth International Conference on Computational Creativity},
  pages={56-63},
  title={{Transforming Exploratory Creativity with DeLeNoX}},
  year={2013}
}
@inproceedings{Kazjon2013,
  author={Kazjon, Grace and Gero, John and Saunders, Rob},
  booktitle={Proceedings of the Fourth International Conference on Computational Creativity},
  pages={113-117},
  title={{Learning how to reinterpret creative problems}},
  year={2013}
}
@inproceedings{Kazjon2014,
  author={Kazjon, Grace and Maher, {Mary Lou}},
  booktitle={Proceedings of the Fifth International Conference on Computational Creativity},
  pages={120-128},
  title={{What to expect when you're expecting: The role of unexpectedness in computationally evaluating creativity}},
  year={2013}
}
@inproceedings{Perez2013,
  author={{P{\'e}rez y P{\'e}rez}, Rafael and Ortiz, Otoniel},
  booktitle={Proceedings of the Fourth International Conference on Computational Creativity},
  pages={131-138},
  title={{A model for evaluating interestingness in a computer-generated plot}},
  year={2013}
}
@inproceedings{Maher2013,
  author={Maher, Mary Lou and Brady, Katherine and Fisher, Douglas},
  booktitle={Proceedings of the Fourth International Conference on Computational Creativity},
  pages={147-151},
  title={{Computational Models of Surprise in Evaluating Creative Design}},
  year={2013}
}
@inproceedings{Veale2013a,
  author={Veale, Tony},
  booktitle={Proceedings of the Fourth International Conference on Computational Creativity},
  pages={152-159},
  title={{Less Rhyme, More Reason: Knowledge-based Poetry Generation with Feeling, Insight and Wit}},
  year={2013}
}
@inproceedings{Toivanen2013,
  author={Toivanen, Jukka and J{\"a}rvisalo, Matti and Toivonen, Hannu},
  booktitle={Proceedings of the Fourth International Conference on Computational Creativity},
  pages={160-167},
  title={{Harnessing Constraint Programming for Poetry Composition}},
  year={2013}
}
@inproceedings{Bown2014,
  author={Bown, Oliver},
  booktitle={Proceedings of the Fifth International Conference on Computational Creativity},
  location={Ljubljana, Slovenia},
  pages={112-119},
  title={{Empirically Grounding the Evaluation of Creative Systems: Incorporating Interaction Design}},
  year={2014}
}
@inproceedings{Jordanous2014,
  author={Jordanous, Anna Katerina},
  booktitle={Proceedings of the Fifth International Conference on Computational Creativity},
  pages={129-136},
  title={{Stepping Back to Progress Forwards: Setting Standards for Meta-Evaluation of Computational Creativity}},
  year={2014}
}
@inproceedings{Mcgregor2014,
  author={McGregor, Stephen and Wiggins, Geraint and Purver, Matthew},
  booktitle={Proceedings of the Fifth International Conference on Computational Creativity},
  pages={254-262},
  title={{Computational Creativity: A Philosophical Approach, and an Approach to Philosophy}},
  year={2014}
}
@inproceedings{Negrete2014,
  author={Negrete-Yankelevich, Santiago and Morales-Zaragoza, Nora},
  booktitle={Proceedings of the Fifth International Conference on Computational Creativity},
  pages={280-283},
  title={{The apprentice framework: planning and assessing creativity}},
  year={2014}
}
@inproceedings{Mumford2015,
  author={Mumford, Martin and Ventura, Dan},
  booktitle={Proceedings of the Sixth International Conference on Computational Creativity},
  pages={1-7},
  title={The man behind the curtain: Overcoming skepticism about creative computing},
  year={2015}
}
@inproceedings{Bown2015,
  author={Bown, Oliver},
  booktitle={Proceedings of the Sixth International Conference on Computational Creativity},
  pages={17-22},
  location={Park City, Utah, USA},
  title={Attributing Creative Agency: Are we doing it right?},
  year={2015}
}
@inproceedings{Norton2015,
  author={Norton, David and Heath, Derrall and Ventura, Dan},
  booktitle={Proceedings of the Sixth International Conference on Computational Creativity},
  pages={31-38},
  title={Accounting for Bias in the Evaluation of Creative Computational Systems: An Assessment of DARCI},
  year={2015}
}
@inproceedings{Velde2015,
  author={{van der Velde}, Frank and Wolf, Roger and Schmettow, Martin and Nazareth, Deniece},
  booktitle={Proceedings of the Sixth International Conference on Computational Creativity},
  pages={94-101},
  title={{A Semantic Map for Evaluating Creativity}},
  year={2015}
}
@inproceedings{Lamb2015,
  author={Lamb, Carolyn and Brown, Daniel and Clarke, Charles},
  booktitle={Proceedings of the Sixth International Conference on Computational Creativity},
  pages={102-109},
  title={{Human Competence in Creativity Evaluation}},
  year={2015}
}
@inproceedings{Franca2016,
  author={Fran\c{c}a, Celso and G{\'o}es, Lu{\'i}s Fabr{\'i}cio and Amorim, {\'A}lvaro and Rocha, Rodrigo and {Ribeiro de Silva}, Alysson},
  booktitle={Proceedings of the Seventh International Conference on Computational Creativity},
  pages={68-75},
  title={{Regent-Dependent Creativity: A Domain Independent Metric for the Assessment of Creative Artifacts}},
  year={2016}
}
@inproceedings{Still2016,
  author={Still, Arthur and d'Inverno, Mark},
  booktitle={Proceedings of the Seventh International Conference on Computational Creativity},
  pages={147-154},
  title={{A History of Creativity for Future AI Research}},
  year={2016}
}
@book{Matarasso1997,
  author={Matarasso, Fran\c{c}ois},
  publisher={Comedia},
  title={{Use or Ornament? The Social Impact of Participation in the Arts}},
  year={1997}
}
@online{Thrid2002,
  url={http://h2g2.com/edited\_entry/A787917},
  urldate={2016-11-20},
  author={Thrid},
  title={An Explanation of l33t Speak},
  titleaddon={The Hitchhiker's Guide to the Galaxy: Earth Edition},
  year={2002}
}
@online{StackExchangend,
  url={http://codegolf.stackexchange.com/questions/tagged/code-golf},
  urldate={2016-11-20},
  organization={StackExchange},
  title={{Programming Puzzles \& Code Golf}},
  label={StackExchange},
  year={n.d.}
}
@online{StackBowlnd,
  url={http://codegolf.stackexchange.com/questions/tagged/code-bowling},
  urldate={2016-11-20},
  organization={StackExchange},
  title={Code Bowling},
  titleaddon={{Programming Puzzles \& Code Golf}},
  label={StackExchange},
  year={n.d.}
}
@online{Raymond2004,
  url={http://www.catb.org/\textasciitilde esr/jargon/},
  urldate={2016-11-20},
  author={Raymond, Eric},
  title={The Jargon File, version 4.4.8},
  year={2004}
}
@online{Broukhis,
  url={http://www.ioccc.org/},
  urldate={2016-11-20},
  author={Broukhis, Leo and Cooper, Simon and Noll, Landon Curt},
  title={The International Obfuscated C Code Contest},
  year={n.d.}
}
@online{Wong2013,
  url={https://www.theguardian.com/artanddesign/2013/oct/25/rise-of-glitch-art},
  urldate={2016-11-20},
  author={Wong, Grace},
  organization={The Guardian},
  title={It's not a bug, it's a feature: the rise of glitch art},
  year={2013}
}
@online{GoogleGlitch,
  url={https://goo.gl/waiqKV},
  urldate={2016-11-20},
  organization={Google},
  title={Glitch Art},
  titleaddon={Image Search Results},
  label={Google},
  year={2016}
}
@online{RedditGlitch,
  url={https://www.reddit.com/r/glitch\_art/},
  urldate={2016-11-20},
  organization={Reddit},
  title={glitch\_art},
  titleaddon={subreddit},
  label={Reddit},
  year={n.d.}
}
@online{Wolfnd,
  url={http://www.eeggs.com/faq.html},
  urldate={2016-11-20},
  author={Wolf, David and Wolf, Anette},
  title={The Easter Egg Archive},
  year={n.d.}
}
@online{KnuthHelp,
  url={http://www-cs-faculty.stanford.edu/\textasciitilde uno/help.html},
  urldate={2016-11-20},
  author={Knuth, Donald},
  organization={Stanford University},
  title={Help Wanted},
  year={n.d.}
}
@online{Goren2011,
  url={http://www.ioccc.org/2011/goren/hint.html},
  urldate={2016-11-20},
  author={Goren, Uri},
  organization={IOCCC},
  title={Most artistic 2011},
  year={2011}
}




@online{IJoCCnd,
  url={http://www.inderscience.com/jhome.php?jcode=ijcrc},
  urldate={2016-11-22},
  organization={InderScience Publishers},
  title={International Journal of Creative Computing},
  label={IJCrC},
  year={n.d.}
}
@online{ISCC2016,
  url={https://iscc.gwasd.com/},
  urldate={2016-11-22},
  organization={IEEE},
  title={International Symposium on Creative Computing},
  label={ISCC},
  year={n.d.}
}
@online{ICCC2017,
  url={http://computationalcreativity.net/home/},
  urldate={2016-11-22},
  title={International Conference on Computational Creativity},
  label={ICCC},
  year={n.d.}
}
@online{Coltonnd,
  url={http://www.thepaintingfool.com/},
  urldate={2016-11-22},
  title={The Painting Fool},
  author={Colton, Simon},
  year={n.d.}
}
@online{kurzweilcyberartnd,
  url={http://www.kurzweilcyberart.com/aaron/history.html},
  urldate={2016-11-22},
  title={Learn about AARON's history},
  organization={Kurzweil CyberArt Technologies},
  year={n.d.}
}
@online{kurzweilcyberart2001,
  url={http://www.kurzweilcyberart.com/poetry/rkcp_overview.php},
  urldate={2016-11-22},
  title={Ray Kurzweil's Cybernetic Poet},
  organization={Kurzweil CyberArt Technologies},
  year={2001}
}
@online{Stanford2016,
  url={http://nlp.stanford.edu:8080/parser/index.jsp},
  urldate={2016-11-22},
  title={The Stanford Parser: A statistical parser},
  titleaddon={The Stanford Natural Language Processing Group},
  organization={Standford University},
  year={2016}
}
